1860 3064
898 222 964 273 14

137 381 242 412 esse
264 367 581 418 instituendum,
613 372 662 411 ut
680 379 867 422 semper,
900 367 939 408 si
961 367 1061 421 quid
1082 366 1171 409 fieri
1184 368 1400 423 jubeatur,
1420 365 1491 408 alii
1511 372 1559 409 ut
1572 367 1718 423 jussui

137 445 474 499 obtemperetur,
507 456 649 484 curam
676 442 877 485 habeant.
940 442 1119 485 Omnem
1144 443 1269 497 igitur
1296 442 1505 485 hominum
1529 440 1716 485 multitu-

139 521 294 574 dinem,
333 532 459 573 quam
479 519 653 573 imperio
675 523 835 568 teneat,
866 520 905 561 in
927 517 1119 573 singulas
1140 523 1288 574 partes
1309 518 1531 561 admodum
1551 532 1714 574 paucos

139 585 406 638 continentes
437 607 541 637 esse
571 593 835 637 dividendam
861 595 1140 650 partibusque
1170 593 1348 650 singulis
1375 592 1566 650 singulos
1593 607 1715 650 prae·

138 671 343 713 ficiendos
363 671 423 713 ita
442 675 490 712 ut
510 668 620 712 alter
639 668 817 712 alterius
838 671 897 713 sit
916 671 1087 725 imperio
1109 670 1339 713 adstrictus
1360 670 1476 725 (Cyr.
1498 669 1604 729 8,,1,
1630 668 1716 723 15).

139 747 341 789 Necesse
362 759 469 788 sane
492 759 610 793 esse.
643 759 804 796 omnes,
837 746 907 799 qui
928 744 1024 787 aliis
1044 746 1264 800 imperent,
1295 747 1380 788 sint
1399 744 1483 787 illis
1503 744 1716 794 meliores,

140 823 168 862 ii
189 835 310 871 vero,
342 822 413 875 qui
433 820 654 876 permultis
674 822 896 876 imperent,
927 821 1071 876 optimi
1079 834 1094 872 ;
1126 820 1208 863 hos
1230 821 1354 875 igitur
1373 821 1641 876 potissimum
1662 833 1717 863 ex

140 898 287 940 amicis
308 910 412 939 esse
429 895 674 951 eligendos,
702 901 750 939 ut
769 894 957 952 reliquos
978 910 1147 951 quoque
1168 911 1293 952 quam
1314 897 1496 952 optimos
1524 896 1716 939 reddant.

140 972 205 1019 Eo
226 987 341 1023 vero,
366 972 479 1028 quod
500 986 668 1022 omnes,
701 974 771 1027 qui
793 971 888 1015 aliis
910 972 1123 1026 obediant,
1154 972 1249 1015 aliis
1269 974 1493 1029 imperent,
1524 986 1718 1028 magnum

141 1050 223 1092 hoc
244 1054 469 1105 praeterea
490 1050 608 1091 nasci
630 1049 903 1099 commodum,
933 1053 981 1090 ut
1000 1048 1171 1090 honoris
1185 1054 1239 1091 ret
1258 1033 1418 1104 gloriae
1439 1049 1537 1091 fiant
1558 1048 1717 1103 eupidi;

141 1127 195 1168 iis
217 1126 349 1175 enim,
381 1124 451 1180 qui
473 1124 567 1168 aliis
589 1126 815 1180 imperent,
847 1124 1045 1167 divinitus
1066 1125 1237 1166 honoris
1259 1124 1530 1180 cupiditatem
1549 1124 1719 1166 insitam

142 1215 247 1243 esse
269 1201 447 1244 affirmat
466 1200 705 1255 Xenophon
728 1199 863 1252 (Hier.
884 1198 926 1249 8,
946 1199 1009 1253 5),
1039 1200 1317 1256 hominesque
1339 1201 1420 1243 sibi
1440 1201 1717 1256 persuasisse

144 1277 291 1332 (Hipp.
312 1276 356 1325 2,
377 1276 451 1330 6),
483 1291 534 1319 se
562 1277 777 1331 imperium
804 1280 1004 1318 tenentes
1030 1277 1167 1331 magis
1188 1276 1342 1319 decere
1363 1276 1528 1319 facinus
1549 1274 1719 1330 aliquod

142 1352 404 1408 praeclarum
434 1352 715 1401 committere,
753 1365 879 1406 quam
906 1352 945 1393 si
972 1366 1053 1395 sua
1083 1353 1253 1407 negotia
1281 1357 1408 1407 agant
1435 1351 1622 1406 (Oecom
1647 1350 1717 1400 14,

142 1429 172 1470 9
194 1431 300 1483 sq.);
331 1429 371 1469 in
393 1429 446 1469 iis
467 1429 604 1483 igitur,
637 1440 747 1481 quae
767 1428 946 1470 maxime
967 1428 1053 1470 sint
1073 1428 1316 1483 appetenda
1335 1428 1524 1483 principi,
1549 1440 1720 1482 semper

142 1502 245 1545 illud
275 1504 412 1559 ponit,
442 1508 490 1546 ut
514 1499 622 1554 τοὺς
649 1499 921 1560 ἀρχομένους
947 1504 1118 1546 honoris
1145 1509 1191 1546 et
1213 1502 1351 1546 laudis
1372 1503 1549 1558 cupidos
1569 1502 1721 1545 reddat

144 1579 260 1634 (Cyr.
281 1578 324 1628 2,
350 1578 390 1628 1,
409 1578 481 1621 22.
526 1578 570 1627 7,
595 1578 633 1628 1,
659 1578 725 1624 18.
771 1578 812 1629 8,
833 1579 877 1631 2,
897 1578 968 1624 26.
1011 1578 1053 1632 8,
1076 1580 1117 1628 4,
1138 1579 1179 1624 4.
1223 1578 1267 1626 5.
1312 1577 1359 1633 8,
1386 1578 1423 1629 1,
1444 1577 1515 1625 39.
1556 1578 1718 1621 Oecon.

143 1653 217 1706 21,
243 1653 336 1708 10);
368 1659 500 1709 atque
522 1655 565 1696 id
586 1655 793 1697 efficiendi
814 1655 954 1697 varios
976 1655 1176 1698 describit
1194 1655 1358 1700 modos.

262 1730 344 1773 His
367 1744 467 1785 ergo
495 1731 625 1773 rebus
653 1729 779 1773 facile
806 1730 975 1773 efficere
995 1731 1244 1786 principem,
1284 1736 1331 1773 ut
1356 1729 1535 1773 libenter
1556 1731 1595 1773 ei
1617 1731 1718 1773 obe-

146 1807 303 1856 diatur,
343 1819 525 1862 eumque
555 1820 609 1859 ea
635 1807 674 1848 in
712 1820 759 1849 re
791 1821 869 1848 non
901 1807 1166 1849 mediocriter
1186 1807 1325 1864 juvari
1355 1820 1431 1861 eo,
1470 1806 1584 1861 quod
1608 1806 1723 1850 dicta

148 1896 312 1933 eorum,
344 1896 453 1937 quos
479 1883 659 1926 maxime
687 1883 768 1925 sibi
800 1882 867 1925 vel
892 1884 1104 1938 prodesse
1132 1881 1201 1926 vel
1229 1897 1382 1925 nocere
1409 1896 1545 1938 posse
1569 1881 1719 1926 intelli-

148 1963 250 2014 gant
276 1959 491 2009 homines,
520 1973 713 2015 magnam
733 1960 814 2001 vim
844 1959 882 2001 in
904 1959 1160 2004 audientium
1181 1960 1342 2002 animos
1362 1958 1521 2002 habere
1542 1957 1724 2011 soleant,

145 2040 193 2078 ut
227 2034 390 2077 illorum
429 2036 572 2078 verbis
612 2049 748 2090 saepe
784 2036 839 2077 ad
873 2035 1030 2091 aliquid
1065 2035 1275 2091 agendum
1309 2049 1447 2090 aeque
1489 2037 1723 2079 excitentur

148 2116 279 2165 atque
307 2109 481 2152 aliorum
512 2111 634 2152 donis
664 2111 796 2163 (Hier.
823 2109 864 2160 8,
886 2110 926 2153 3.
971 2111 1014 2153 4.
1059 2110 1157 2168 Cyr.
1178 2111 1221 2160 2,
1245 2110 1288 2163 1,
1313 2109 1397 2164 13).
1464 2110 1573 2154 Illud
1599 2112 1722 2167 igitur

146 2187 321 2241 primum
356 2187 533 2242 principi
571 2200 675 2229 esse
713 2187 921 2241 agendum
955 2192 1003 2229 ut
1033 2188 1074 2228 in
1108 2189 1202 2237 τοῖς
1234 2182 1492 2243 ἀρχομένοις
1525 2193 1723 2230 nascatur

147 2263 295 2312 virtus,
317 2276 442 2317 quam
462 2262 725 2321 πειθαρχίαν
744 2268 869 2306 vocat
890 2268 935 2306 et
953 2267 1175 2318 tantopere
1193 2263 1455 2306 commendat
1469 2263 1722 2318 Xenophon.

146 2338 269 2380 Nunc
295 2338 397 2392 illud
424 2339 662 2389 videamus,
695 2339 903 2396 quomodo
930 2344 1151 2396 potestate
1177 2337 1251 2383 illa
1271 2339 1445 2396 principi
1472 2353 1576 2384 esse
1602 2344 1720 2384 uten-

150 2415 247 2457 dum
268 2416 496 2459 censuerit.

266 2492 332 2534 Ac
353 2506 446 2533 cum
467 2506 597 2548 supra
617 2493 905 2548 posuerimus,
938 2506 963 2535 e
984 2491 1278 2547 Xenophontis
1305 2493 1522 2535 sententia
1549 2492 1722 2547 principi

148 2569 188 2610 in
223 2581 275 2610 eo
308 2581 412 2611 esse
444 2567 763 2622 elaborandum,
794 2573 841 2611 ut
865 2564 972 2619 τοὺς
993 2563 1265 2625 ἀρχομένους
1295 2569 1373 2613 sui,
1392 2568 1543 2610 reddat
1561 2566 1722 2610 similes

146 2644 263 2701 (Cyr.
285 2642 327 2697 8,
348 2642 390 2693 6,
414 2642 481 2686 10.
516 2643 583 2689 ll.
613 2643 655 2695 8,
681 2644 719 2697 1,
740 2644 832 2698 21),
855 2649 1008 2688 etcum
1026 2644 1274 2700 principem,
1303 2642 1470 2699 qualem
1484 2643 1723 2699 Xenophon

147 2720 239 2764 vult
260 2734 379 2771 esse,
404 2722 582 2776 justum,
613 2722 739 2776 pium,
761 2726 1084 2776 temperantem,
1105 2721 1256 2763 fortem
1277 2733 1381 2764 esse
1404 2720 1724 2763 demonstrasse

149 2798 271 2840 nobis
302 2796 536 2847 videamur,
576 2802 755 2853 apparet
785 2798 874 2854 jam
907 2798 1032 2841 etiam
1062 2792 1170 2848 τοὺς
1200 2792 1472 2854 ἀρχομένους
1500 2796 1583 2853 ipsi
1612 2796 1724 2851 pios,

143 2876 311 2930 justos,
356 2879 667 2929 temperantes,
712 2874 847 2916 fortes
883 2887 988 2917 esse
1023 2874 1265 2916 reddendos
1294 2875 1439 2928 itaque
1468 2869 1725 2927 reipublicae
