1860 3064
884 122 965 173 37

146 272 399 327 conspicuos
426 268 751 325 quodammod03
784 272 828 310 et
856 269 895 309 in
927 267 1086 310 illorum
1116 268 1299 311 locorum
1327 284 1497 313 numero
1527 272 1587 314 ait
1615 285 1718 314 esse

147 349 274 389 etiam
300 346 434 387 locum
464 345 519 386 de
548 345 695 386 officiis
725 349 769 385 et
798 345 1022 386 virtutibus
1050 346 1308 388 exercituum
1336 347 1473 389 ducis.
1536 347 1719 401 „Atque

144 427 229 472 „ut
254 423 305 464 ab
336 420 569 469 Ajn‘abasi,
594 420 746 473 inquit,
793 420 1005 481 incipiam,
1054 422 1170 475 quis,
1208 435 1394 476 quaeso,
1426 423 1464 464 ei
1495 422 1717 472 historiae,

146 498 340 552 „quippe
366 508 477 549 quae
505 508 597 535 cum
618 495 749 535 virum
770 495 992 544 exhibeat,
1025 497 1094 550 qui
1116 487 1304 550 ingenio,
1337 499 1595 547 constantia,
1629 496 1716 538 elo·

148 572 379 625 „quentia,
429 570 652 612 industria*
677 584 730 612 ea
770 571 1015 626 perfecerit,
1069 585 1180 626 quae
1221 573 1361 626 perfici
1395 587 1528 627 posse
1570 587 1718 615 omnes

147 646 526 700 „desperaverint,
578 651 625 689 ut
675 647 903 688 exercitum
943 647 1166 694 victorem,
1210 652 1255 688 at
1296 648 1473 689 eundem
1524 649 1718 690 fortunae

147 720 363 775 ;,quadam
396 721 548 762 invidia
577 722 615 762 in
657 720 1018 776 ultima'pericula
1049 721 1273 763 adductum
1306 723 1359 763 ab
1391 722 1574 765 hostium
1606 722 1719 776 telis,

144 810 208 846 „a
227 794 334 837 coeli
352 796 597 851 intemperie
618 795 865 838 incolumem
885 785 925 838 in
946 797 1122 851 patriam
1143 797 1385 848 reduceret3
1408 799 1534 853 igitur
1554 799 1651 853 quis
1674 799 1713 840 ei

145 871 385 922 „historiae
408 882 548 914 ‘rerum
569 870 802 914 militarium
831 873 1079 913 uberrimam
1108 874 1419 928 expositionem
1449 875 1716 929 aptissimam

146 952 232 997 „et
251 947 727 989 accommodatissimam
749 961 853 989 esse
874 948 1180 989 infitiabitur‘3“
1210 942 1401 991 Eandem
1422 963 1525 991 esse
1547 951 1607 991 ait
1632 948 1714 1005 Cy-

146 1023 376 1078 ropaediae
407 1024 630 1073 rationem3
673 1024 711 1063 in
740 1028 919 1077 utroque
949 1025 1055 1064 enim
1087 1022 1212 1075 libro,
1244 1019 1289 1066 et
1316 1025 1355 1064 in
1384 1025 1575 1066 Anabasi
1604 1030 1649 1066 et
1676 1026 1715 1065 in

148 1097 434 1152 Gyropaedhz,
466 1113 491 1139 a
512 1099 659 1139 summi
682 1096 861 1153 alicujus
889 1099 962 1138 viri
983 1099 1162 1152 imagine
1184 1092 1371 1153 pendere
1401 1113 1562 1141 omnem
1584 1100 1714 1142 bisto-

147 1174 239 1215 riae
256 1187 478 1224 summam3
500 1174 644 1228 itaque
663 1187 755 1214 cum
776 1174 1003 1227 imperandi
1021 1179 1111 1215 arte
1133 1173 1242 1219 idem
1265 1173 1508 1225 excelleret,
1531 1176 1570 1215 in
1588 1175 1718 1231 hujus

146 1248 227 1290 loci
249 1250 422 1305 eopiosa
443 1250 691 1292 tractatione
713 1248 811 1290 nihil
834 1263 953 1302 esse,
976 1249 1089 1305 quod
1111 1248 1177 1291 vel
1197 1247 1253 1291 vab
1275 1251 1472 1292 universo
1495 1251 1715 1305 scriptoris

147 1326 364 1381 proposito
386 1324 454 1368 vel
475 1327 529 1367 ab
548 1326 752 1368 historiae
773 1326 880 1367 intra
901 1326 1170 1379 angustiores
1192 1325 1346 1369 limites
1374 1340 1478 1368 sese
1501 1327 1714 1370 continen-

149 1402 204 1444 tis
233 1401 473 1459 χαρακτῆρι
504 1401 733 1443 abhorrens
764 1400 896 1442 videri
931 1402 1071 1456 possit
1107 1406 1179 1444 aut
1214 1400 1415 1452 alienum3
1457 1406 1642 1445 attamen
1675 1403 1715 1444 in

149 1477 415 1532 Cyropaedia
446 1477 542 1518 inde
584 1477 678 1517 oriri
710 1477 916 1531 quandam
956 1478 1220 1530 tractationis
1260 1476 1607 1532 inaequalitatem
1637 1492 1717 1520 non

149 1558 289 1607 negat.
320 1553 388 1594 De
406 1551 639 1594 Hellenicis
655 1566 755 1594 vero
769 1552 877 1594 haec
898 1553 1049 1594 statuit
1070 1553 1140 1604 (cf.
1162 1551 1332 1607 Spiller,
1360 1551 1385 1594 l.
1408 1552 1432 1594 l.
1461 1567 1501 1608 p.
1526 1552 1579 1595 31
1609 1554 1717 1608 sq.):

148 1629 229 1678 „ln
253 1629 348 1685 ejus
371 1629 512 1683 operis
533 1626 639 1668 locis
660 1626 867 1683 plurimis,
900 1628 1050 1681 inquit,
1083 1628 1153 1668 ubi
1174 1629 1213 1668 in
1241 1627 1507 1683 prolixiorem
1536 1629 1714 1670 descen-

149 1704 247 1755 „dit
285 1717 421 1745 rerum
462 1704 791 1758 expositionem,
843 1701 949 1744 solis
990 1703 1181 1745 militaris
1214 1703 1464 1758 prudentiae
1509 1703 1717 1760 exemplis

150 1779 468 1835 „proponendis
500 1779 713 1821 eumfere
744 1783 993 1834 occupatum
1032 1792 1134 1820 esse
1166 1780 1386 1820 cernimus.
1447 1779 1589 1834 Legat
1619 1780 1718 1822 mihi

149 1855 339 1911 „aliquis
359 1869 495 1897 rerum
515 1852 731 1909 Agesilai,
753 1853 996 1904 Teleutiae,
1019 1855 1262 1910 Iphicratis,
1284 1855 1520 1910 Mnasippi‚
1545 1854 1717 1896 aliorum

152 1933 463 1982 „narrationes.
525 1930 608 1980 Qui
631 1931 763 1972 duces
786 1944 868 1985 quo
891 1932 1025 1972 animo
1057 1931 1095 1971 in
1119 1931 1314 1972 subditos
1336 1930 1509 1980 fuerint,
1542 1944 1626 1984 qua
1653 1945 1716 1972 ra-

150 2009 299 2059 „tione
318 2006 491 2049 militum
508 2021 680 2062 corpora
698 2007 961 2049 exercuerint
977 2020 1204 2061 eorumque
1222 2007 1383 2048 animos
1397 2006 1546 2060 fortes,
1569 2005 1719 2061 vigiles

151 2089 233 2134 „et
252 2088 500 2126 constantes
522 2083 715 2135 fecerint,
748 2083 785 2122 in
808 2082 876 2121 his
897 2080 1052 2122 multus
1075 2082 1330 2137 Xenophon,
1365 2080 1543 2122 aliorum
1566 2082 1716 2122 ducum
1734 2074 1747 2080 ’

151 2160 467 2218 „temeritatem
508 2163 552 2200 et
581 2158 851 2212 asperitatem
891 2157 1159 2211 vituperans,
1206 2156 1502 2198 commendans
1544 2155 1718 2198 aliorum

151 2235 432 2286 „industriam
455 2238 499 2275 et
524 2232 754 2275 lenitatem.
814 2232 891 2274 Uti
915 2232 1024 2274 haec
1054 2246 1132 2272 non
1163 2231 1414 2286 negligenda
1446 2236 1566 2274 erant
1592 2233 1632 2273 in
1664 2245 1719 2274 ea

152 2309 353 2362 „scilicet
382 2309 576 2362 historia,
623 2321 731 2363 quae
762 2305 928 2350 bellicis
957 2308 1137 2351 maxime
1177 2308 1306 2349 rebus
1344 2307 1720 2350 commemorandis

151 2384 453 2436 „absolvatur‚
492 2386 552 2426 ita
576 2385 739 2439 justam
768 2384 1144 2439 reprehensionem
1179 2382 1364 2437 effugere
1401 2388 1641 2438 nequeunt,
1680 2384 1717 2423 si

121 2467 135 2475 ‘
153 2461 362 2513 „aliarum
391 2473 528 2503 rerum
558 2474 637 2501 non
668 2460 805 2501 minus
835 2460 1170 2502 necessariarum
1203 2458 1411 2513 adpareat
1441 2456 1511 2500 vel
1553 2458 1716 2500 omnino

152 2537 362 2588 „omissio
382 2534 452 2577 vel
471 2534 748 2589 negligentior
767 2536 976 2577 tractatio.
1035 2534 1093 2575 Et
1113 2547 1212 2575 vero
1237 2533 1347 2574 haec
1376 2535 1436 2575 ita
1459 2547 1561 2575 esse
1584 2533 1719 2586 fugiat

152 2611 409 2663 „neminem
431 2608 513 2651 vel-
531 2611 667 2653 obiter
696 2615 1009 2666 comparantem
1038 2608 1334 2664 Xenophontis
1376 2609 1415 2650 in
1457 2609 1524 2650 his
1555 2608 1717 2663 copiam

154 2702 286 2741 „scum
306 2686 517 2730 brevitate
536 2687 576 2726 in
598 2684 693 2728 aliis
716 2691 761 2728 et
785 2687 959 2728 summis
980 2684 1074 2727 illis.
1084 2690 1112 2708 “

271 2763 367 2806 Non
388 2762 668 2817 minus‘igitur
688 2763 729 2803 in
749 2762 938 2805 historiis
959 2774 1081 2818 quam
1110 2761 1149 2801 in
1177 2759 1351 2817 reliquis
1381 2759 1551 2815 scriptis
1573 2757 1718 2802 Xeno·
