1860 3064
909 171 976 220 22

150 317 381 358 levioribus
410 330 582 357 cernere
610 315 730 365 licet,
762 317 926 358 Persas
955 317 1009 358 ad
1037 316 1469 358 Lacedaemoniorum
1494 316 1726 374 similitudib

152 407 248 435 nem
269 408 294 434 a
311 391 596 447 Xenophonte
619 406 723 434 esse
744 393 961 441 formatos,
993 397 1040 435 ut
1062 406 1139 434 non
1161 390 1271 435 male
1291 390 1415 435 alteri
1432 392 1730 450 Xenophontis

154 470 354 524 Spartani
384 469 583 509 nominari
614 482 747 524 posse
778 461 999 510 videantur
1035 468 1114 520 (cf.
1147 467 1296 511 Haase
1326 468 1381 510 ad
1412 483 1444 513 r.
1474 468 1528 511 L.
1563 467 1639 521 12,
1667 468 1731 521 ὃ).

152 542 360 600 Exempla
394 545 490 600 ejus
519 545 581 585 rei
610 544 820 599 proferam
845 544 973 586 haec:
1017 543 1448 588 Lacedaemoniorum
1479 557 1555 586 rex
1588 545 1643 596 (r.
1662 542 1729 589 L.

54 634 130 679 2:32⁴,
155 619 231 669 13,
262 621 311 673 4)
344 633 443 668 eos,
490 620 645 674 quibus
675 633 726 661 se
757 617 1009 660 benevolum
1039 617 1142 661 velit
1170 620 1400 674 praebere,
1447 620 1553 663 cibis
1585 618 1729 669 donat,

77 682 80 686 ¹
124 710 129 730 ι
153 709 328 751 quorum
349 696 389 737 ei
409 695 518 737 hanc
546 696 683 749 ipsam
705 696 757 736 ab
780 708 955 736 causam
976 693 1134 749 duplex
1155 694 1276 736 datur
1295 695 1453 749 portio3
1484 694 1598 748 quod
1618 694 1731 736 idem

153 773 193 811 in
221 771 333 824 Cyro
362 769 490 811 valde
519 769 679 811 laudari
708 770 890 810 vidimus
919 768 1036 823 (Cyr.
1068 769 1106 820 1,
1128 768 1170 822 3,
1194 768 1234 811 7.
1283 768 1321 818 l,
1351 768 1486 816 4,,11.
1528 768 1636 818 2³1,
1657 754 1730 811 30.

153 845 195 895 8,
217 846 261 897 4,
284 845 351 897 6);
382 845 713 887 Lacedaemonii
734 845 925 886 convivia
947 859 1027 886 sua
1043 846 1157 900 jocis
1179 842 1425 887 liberalibus
1447 841 1727 896 condiunt'st.

152 921 206 962 L.
229 920 270 973 5,
292 920 360 973 6);
398 921 510 962 idem
532 920 586 961 ad
607 920 772 962 Persas
794 920 995 962 transfert
1015 919 1255 974 Xenophon
1278 919 1395 974 (Gyr.
1416 919 1459 969 2,
1480 919 1522 969 2,
1548 919 1584 963 1.
1622 919 1666 968 5,
1686 918 1730 971 2,

157 994 227 1038 18.
265 994 307 1046 8,
330 996 371 1048 4,
392 995 422 1037 9
443 998 579 1051 sqq.);
616 995 1049 1038 Lacedaemoniorum
1076 1009 1151 1037 rex
1179 1009 1271 1037 cum
1298 1000 1441 1038 castra
1460 999 1602 1037 movet
1623 999 1668 1038 et
1689 995 1729 1037 in

153 1073 257 1113 urbe
285 1072 382 1113 Jovi
413 1076 457 1113 et
483 1072 523 1113 in
553 1077 693 1113 terrae
722 1071 963 1113 Laconicae
992 1072 1142 1114 finibus
1169 1072 1266 1113 Jovi
1295 1076 1340 1114 et
1358 1071 1576 1113 Minervae
1605 1085 1731 1114 sacra

155 1148 258 1189 facit
279 1149 334 1198 (r.
355 1147 406 1191 L.
432 1146 501 1198 14,
520 1147 590 1199 2);
624 1147 859 1201 eodemque
886 1148 1009 1189 modo
1039 1147 1198 1201 duplex
1217 1145 1466 1189 sacrificium
1485 1146 1637 1189 Persis
1658 1146 1727 1189 tri·

154 1223 292 1264 buitur
314 1221 429 1276 (Cyr.
456 1221 494 1271 1,
516 1221 558 1269 6,
585 1220 620 1266 1.
652 1221 694 1271 2,
723 1221 759 1270 1,
786 1222 821 1263 1.
853 1221 897 1273 3,
918 1221 960 1275 3,
982 1222 1071 1276 21).
1515 1222 1519 1224 ’

272 1297 339 1338 Ex
359 1298 442 1348 his,
475 1311 585 1351 quae
606 1297 742 1345 attuli,
775 1297 982 1352 exemplis
1004 1300 1114 1340 satis
1136 1303 1251 1340 certo
1274 1312 1353 1338 nos
1375 1296 1574 1356 colligere
1594 1310 1730 1352 posse

156 1373 322 1427 opinor,
374 1372 723 1427 Xenophontem,
775 1373 845 1426 qui
884 1374 923 1414 in
961 1373 1211 1429 exponenda
1231 1373 1432 1428 ,optimae
1471 1371 1731 1428 reipublicae

155 1450 285 1490 forma
315 1454 401 1489 tam
420 1446 579 1489 multas
602 1446 661 1488 illi
682 1448 805 1503 leges
827 1450 1037 1497 tribuerit,
1068 1462 1178 1503 quas
1206 1462 1355 1491 revera
1376 1448 1494 1503 apud
1508 1448 1728 1493 Lacedae-

154 1525 319 1566 monios
346 1521 634 1566 intellexisset
661 1529 855 1576 exstare,
887 1525 1112 1568 censuisse
1141 1525 1319 1566 omnium
1348 1514 1605 1570 Graecarum
1632 1525 1729 1567 civi-

155 1605 289 1641 tatum
315 1600 517 1653 optimam
546 1613 649 1640 esse
675 1598 971 1654 rempublicam
998 1600 1449 1649 Lacedaemoniorum
1482 1612 1620 1654 neque
1641 1599 1728 1642 Xe-

155 1675 382 1729 nophontis
415 1672 691 1729 perlegentes
725 1673 855 1716 libros
891 1675 1036 1729 fugere
1072 1689 1150 1716 nos
1187 1679 1353 1729 potest,
1390 1675 1606 1729 egregium
1634 1676 1731 1731 ejus

155 1750 292 1791 fuisse
312 1763 413 1804 erga
429 1750 795 1791 Lacedaemonios
813 1751 1011 1800 studium,
1035 1750 1148 1805 quod
1160 1751 1305 1793 mirum
1320 1754 1518 1804 quantum
1539 1750 1732 1795 omnibus

158 1828 253 1881 ejus
281 1827 453 1880 scriptis
481 1826 687 1880 proditur,
725 1826 910 1880 inprimis
939 1840 1038 1868 vero
1069 1831 1158 1868 toto
1188 1825 1261 1869 illo
1289 1824 1453 1883 libello,
1493 1827 1564 1880 qui
1586 1830 1657 1869 est
1676 1826 1731 1868 de

156 1900 371 1955 republica
391 1900 823 1942 Lacedaemoniorum
845 1902 1043 1956 scriptus,
1065 1901 1103 1942 in
1126 1915 1208 1956 quo
1232 1915 1325 1943 eum
1347 1899 1502 1942 nullum
1525 1900 1732 1944 habuisse

158 1975 378 2018 consilimn
400 1974 532 2028 aliud,
571 1991 696 2030 quam
717 1982 764 2019 ut
785 1977 975 2019 laudaret
995 1976 1134 2030 legum
1162 1978 1488 2032 Lycurgicarum
1510 1983 1729 2032 praestan-

157 2053 257 2094 tiam
295 2056 338 2093 et
372 2051 682 2093 commendaret
719 2052 1010 2102 imitationem,
1041 2052 1244 2094 omnibus·
1265 2053 1355 2109 jam
1389 2066 1643 2108 persuasum
1663 2058 1734 2096 est

156 2127 227 2180 (cs.
248 2127 398 2168 Haase
426 2127 453 2168 Ι.
478 2126 504 2171 l.
531 2128 663 2181 praef.
688 2142 728 2181 p.
750 2127 924 2170 9-13‚
950 2128 1113 2169 Fuchs:
1136 2133 1321 2181 quaestt.
1340 2128 1399 2169 'de
1422 2128 1512 2170 libr.
1534 2128 1731 2183 Xenoph.

156 2203 209 2244 de
238 2216 326 2257 rep.
355 2202 519 2244 Laced.
551 2207 595 2245 et
623 2202 677 2244 de
708 2216 797 2257 rep.
827 2202 984 2255 Athen.
1013 2218 1054 2258 p.
1087 2201 1142 2245 10
1173 2205 1274 2258 sq.).
1343 2202 1494 2258 Quod,
1533 2216 1625 2246 cum
1652 2219 1734 2246 non

155 2280 395 2334 ignoremus
423 2278 753 2333 Xenophontem
781 2285 825 2322 et
858 2279 995 2322 fuisse
1012 2280 1207 2322 „Athenis
1235 2283 1377 2322 natum
1413 2284 1458 2323 et
1484 2281 1647 2327 vixisse
1677 2294 1732 2326 eo

156 2359 367 2408 tempore,
407 2367 490 2407 quo
537 2352 693 2397 bellum
734 2353 837 2396 illud
877 2355 1143 2398 durissimum
1184 2361 1231 2397 et
1260 2356 1581 2405 saevissimum;
1621 2356 1733 2410 quod

155 2427 565 2484 Peloponnesiacum
589 2431 799 2472 nominare
821 2429 976 2483 solent,
1008 2437 1174 2485 gestum
1197 2436 1286 2482 est,
1320 2436 1435 2473 certe
1455 2429 1729 2502 Qua

89 2536 95 2544 .
154 2506 237 2570 [²31
269 2505 486 2547 debemus.
547 2506 644 2547 Jam
678 2507 822 2561 igitur,
860 2507 971 2549 unde
1001 2512 1143 2550 natum
1173 2521 1276 2551 esse
1304 2506 1406 2549 illud
1432 2506 1731 2562 Xenophontis

156 2580 632 2636 ergaLacedaemonios
648 2582 839 2625 studium
855 2583 1083 2638 putandum
1104 2585 1175 2636 sit,
1198 2584 1435 2626 accuratius
1456 2582 1730 2638 explicemus,

154 2658 340 2699 breviter
369 2656 520 2698 deinde
541 2656 643 2698 illud
664 2660 834 2713 tacturi,
866 2664 1003 2702 utrum
1023 2660 1187 2702 nimium
1208 2659 1345 2702 fuisse
1366 2659 1409 2700 id
1430 2660 1569 2714 ipsum
1588 2658 1730 2702 videa-

153 2739 220 2776 tur
241 2745 390 2776 necne.

272 2809 478 2858 Primum,
518 2822 611 2851 cum
639 2810 755 2853 initio
785 2807 1011 2854 dixerimus
1040 2811 1337 2869 Xenophontis
1366 2811 1420 2854 de
1449 2810 1577 2854 rebus
1606 2810 1731 2861 omni-
