1860 3064
934 110 972 160 9

170 261 347 316 maxime
376 257 553 314 *legibus
591 263 788 312 pareant3
819 257 1029 312 ⁴homines
1060 271 1164 301 vero
1199 257 1251 299 iis
1284 257 1395 300 dict'o
1426 258 1604 299 maxime
1636 270 1739 299 esse

170 328 422 380 obedientes
452 331 619 386 solere,
651 347 759 388 quos
790 331 988 375 meliores
1019 334 1127 389 ipsis
1159 334 1428 389 cognoverint
1458 346 1561 375 esse
1593 333 1739 387 (Mem.

168 411 212 463 3,
231 411 275 463 3,
295 412 375 466 9);
418 424 511 452 cum
531 423 632 451 vero
654 423 771 458 eum,
803 410 873 464 qui
895 410 953 452 sit
972 410 1089 465 pius,
1115 411 1283 466 justus,
1316 415 1572 465 temperans,
1605 409 1739 458 fortis,

170 484 381 545 σώφρων,
413 499 516 528 esse
538 485 737 541 optimum
766 485 995 529 contendat
1023 486 1248 537 Socrates,
1280 484 1392 529 facili
1421 500 1550 542 opera
1585 483 1737 529 intelli-

172 565 303 619 gitur,
334 561 462 606 talem
483 575 651 617 quoque
673 562 727 604 ad
747 562 1030 617 imperandum
1052 576 1154 605 esse
1177 570 1333 617 aptum.
1353 587 1412 594 —

262 638 410 682 *Haec
441 639 566 695 igitur
595 638 685 682 sere
717 643 787 682 est
819 638 1011 681 Socratis
1043 642 1257 682 sententia
1288 637 1342 681 de
1374 652 1447 691 eo,
1490 638 1602 694 quod
1633 640 1739 682 civis

171 717 275 759 esse
313 715 413 757 boni
450 720 593 769 putat3
636 728 865 768 quemque,
906 719 1047 763 ratus,
1090 715 1247 756 debere
1286 715 1327 755 id
1365 716 1629 769 potissimum
1660 717 1743 756 sibi

169 803 424 847 proponere,
473 794 520 833 ut
558 789 791 845 imperandi
828 789 900 832 fiat
937 791 1120 845 peritus,
1171 805 1262 832 cum
1300 795 1527 846 propterea
1565 795 1610 833 et
1647 791 1743 846 ipse

170 867 348 909 omnium
375 867 572 908 virtutum
593 867 651 908 sit
678 866 899 908 studiosus
930 879 1114 909 necesse
1146 867 1202 910 sit
1223 871 1268 909 et
1287 864 1383 908 aliis
1406 880 1531 921 quam
1551 865 1740 922 plurimis

170 957 222 986 eo
243 943 398 998 prosit,
429 942 540 985 unde
559 943 739 985 maxima
759 944 957 985 nascatur
977 941 1124 996 gloria.

285 1018 435 1073 Itaque
466 1033 546 1059 non
573 1019 717 1059 mirum
739 1023 830 1067 est,
862 1018 973 1072 quod
999 1018 1236 1072 Xenophon
1260 1031 1332 1068 eo,
1366 1017 1478 1073 quod
1501 1016 1661 1072 gloriae
1684 1018 1741 1060 sit

170 1092 368 1150 cupidus,
400 1095 530 1135 virum
550 1093 904 1149 praestantiorem
930 1106 1032 1135 esse
1055 1093 1157 1135 dicit
1178 1094 1333 1135 ceteris
1354 1092 1630 1145 animalibus,
1662 1107 1740 1135 eos

173 1184 271 1212 vero
293 1170 506 1219 homines,
538 1170 693 1223 quibus
712 1183 791 1210 non
813 1169 913 1211 insit
932 1167 1090 1223 gloriae
1112 1169 1346 1224 cupiditas,
1385 1184 1464 1210 non
1488 1183 1591 1211 esse
1610 1171 1738 1222 viros,

168 1245 249 1288 sed
279 1246 473 1287 homines
510 1250 671 1288 tantum
701 1245 993 1297 nominandos,
1024 1258 1165 1299 neque
1198 1244 1325 1286 ullum
1358 1246 1533 1287 virorum
1554 1245 1738 1288 studium

168 1321 293 1363 divini
315 1335 418 1364 esse
439 1319 618 1365 similius
640 1334 763 1375 quam
784 1319 963 1374 gloriae,
1003 1320 1157 1362 nullam
1185 1320 1445 1376 voluptatem
1473 1335 1577 1365 esse
1607 1323 1737 1377 majo-

167 1410 255 1440 rem
275 1411 400 1452 quam
421 1410 445 1439 e
467 1395 598 1451 gloria
618 1400 863 1451 perceptam
902 1395 1037 1448 (Hier.
1067 1395 1110 1448 ¹7,
1140 1395 1181 1438 3.
1213 1397 1288 1448 4);
1329 1395 1503 1451 gloriam
1529 1411 1629 1439 vero
1658 1411 1738 1438 non

166 1474 308 1529 parari·
333 1474 413 1515 nisi
442 1474 495 1514 ab
525 1486 596 1522 eo,
629 1473 698 1526 qui
727 1473 784 1513 sit
812 1470 1028 1513 excellens
1056 1472 1207 1514 virtute
1236 1474 1297 1513 vir
1324 1472 1452 1527 (Cyr.
1479 1472 1515 1517 1.
1536 1471 1579 1524 5,
1605 1472 1672 1515 12
1698 1472 1737 1527 1,

166 1548 209 1599 6,
229 1548 318 1601 22).
379 1547 510 1590 >Talis
542 1548 616 1589 viri
646 1548 765 1590 nobis
786 1548 1006 1602 imaginem
1037 1548 1258 1603 proposuit
1278 1549 1316 1588 in
1339 1546 1464 1599 libro,
1505 1549 1576 1603 qui
1598 1547 1734 1604 Cyro·

166 1626 322 1681 paedia
347 1626 602 1673 inscribitur,
635 1639 717 1679 quo
744 1625 933 1666 omnibus
949 1626 1039 1680 jam
1067 1638 1318 1678 persuasum
1348 1630 1419 1667 est
1447 1639 1542 1667 eum
1572 1625 1733 1667 docere

166 1699 370 1757 voluisse,
400 1702 552 1755 quibus
573 1699 673 1742 belli
695 1705 739 1743 et
758 1701 878 1755 pacis
900 1701 1061 1742 artibus
1082 1701 1300 1755 imperium
1322 1702 1483 1755 acquiri
1506 1706 1550 1743 et
1574 1702 1736 1743 servari

165 1778 318 1833 possit.
392 1775 535 1827 Quare
562 1778 645 1833 jam
672 1774 776 1818 illud
805 1774 947 1831 paullo
978 1777 1215 1819 accuratius
1245 1791 1524 1832 exponamus,
1566 1776 1735 1831 qualem

166 1851 419 1909 reipublicae
440 1853 611 1895 formam
632 1853 671 1893 in
693 1850 763 1894 illo
783 1850 886 1893 libro
916 1856 1114 1907 tanquam
1142 1854 1340 1908 optimam
1368 1853 1732 1904 commendaverit,

164 1930 261 1972 inde
284 1928 550 1985 explicaturi,
581 1942 764 1971 necesse
785 1929 942 1978 ruisse,
973 1929 1082 1970 haec
1103 1931 1198 1985 ejus
1221 1930 1274 1971 de
1297 1931 1452 1984 optima
1472 1929 1728 1985 reipublicae

165 2007 297 2049 forma
317 2006 531 2049 sententia
553 2019 646 2047 eam
667 2005 723 2048 ad
748 2006 843 2061 ejus
865 2006 991 2055 vitam
1016 2005 1210 2048 babuerit
1228 2005 1338 2054 'vim‚
1377 2020 1501 2060 quam
1529 2006 1735 2048 habuisse

166 2096 221 2126 ex
241 2084 453 2132 omnibus,
485 2095 596 2136 quae
618 2082 671 2123 de
694 2083 790 2136 ejus
812 2081 899 2123 vita
921 2080 1043 2123 nobis
1065 2087 1164 2124 sunt
1185 2082 1358 2131 tradita,
1393 2081 1530 2136 colligi
1553 2083 1705 2136 possit.

221 2204 223 2206 ,
282 2158 385 2199 cum
414 2158 592 2212 saepius
622 2156 882 2210 Xenophon,
925 2155 1078 2210 quales
1103 2158 1141 2197 in
1167 2158 1383 2211 republica
1412 2163 1562 2199 essent
1582 2139 1734 2212 princi-

163 2248 258 2291 pes,
290 2232 403 2277 tales
425 2234 538 2276 dicat
559 2238 605 2277 et
624 2231 811 2288 reliquos
833 2231 975 2276 solere
997 2233 1114 2275 cives
1136 2246 1239 2275 esse
1261 2233 1336 2287 (de
1358 2239 1483 2277 vectt.
1511 2232 1548 2284 1,
1575 2233 1612 2276 1.
1636 2233 1732 2289 Cyr.

162 2310 204 2361 8,
239 2310 277 2360 1,
309 2309 349 2355 8,
387 2309 429 2363 S,
450 2309 491 2359 8,
512 2309 582 2363 5),
615 2311 704 2366 jam
734 2307 836 2350 illud
865 2314 1008 2364 patet,
1050 2323 1211 2351 omnem
1240 2311 1497 2364 reipublicae
1528 2324 1733 2353 summam

163 2400 191 2430 a
226 2387 413 2443 principe
450 2386 657 2442 pendere3
709 2387 885 2442 primum
921 2388 1045 2441 igitur
1084 2386 1250 2441 qualem
1289 2384 1450 2441 Cyrum
1496 2401 1620 2429 suum
1659 2388 1731 2430 de-

164 2464 383 2518 scripserit
411 2462 649 2518 Xenophon
682 2468 753 2506 est
781 2463 1014 2505 videndum.
1073 2461 1142 2505 Ac
1173 2463 1242 2517 qui
1275 2461 1571 2517 Cyropaediae
1602 2462 1732 2505 libros

163 2538 299 2582 semel
325 2544 484 2581 tantum
512 2537 860 2595 pervolutaverit,
893 2553 987 2581 eum
1015 2537 1149 2581 latere
1177 2553 1255 2579 non
1286 2553 1420 2593 posse
1450 2540 1608 2595 opinor,
1648 2538 1728 2594 Cy-

161 2628 251 2658 rum
271 2619 402 2664 totum
424 2615 480 2657 ad
501 2616 692 2659 Socratis
720 2621 950 2672 praecepta
978 2631 1004 2663 a
1025 2615 1309 2672 Xenophonte
1332 2629 1435 2659 esse
1459 2615 1730 2665 efformatum,

162 2691 295 2747 quod,
328 2693 518 2746 quamvis
540 2693 896 2757 fiemonstratione
920 2694 986 2735 vix
1014 2697 1161 2747 egeat,
1200 2693 1347 2747 paucis
1378 2698 1515 2735 tamen
1548 2690 1728 2747 explice-

160 2781 275 2819 mus,
320 2781 417 2810 cum
438 2769 533 2812 inde
561 2770 615 2814 ad
649 2770 711 2820 id,
751 2770 864 2825 quod
900 2770 1014 2813 initio
1050 2770 1289 2825 posuimus,
1327 2769 1654 2825 Xenophontem
1690 2770 1727 2811 in
