1860 3064
177 734 348 800 Quae
384 733 569 785 fucrit
604 731 1021 797 Xenophontis
1049 731 1132 782 -de
1168 727 1357 783 rebus
1392 724 1659 805 publicis

552 821 876 881 sententia,
925 821 1282 885 exponatur.

134 996 436 1075 Xenophontis
477 1031 554 1060 nos
588 1016 862 1074 perlegentes
901 1017 1061 1072 scripta
1097 1016 1199 1058 illud
1235 1016 1382 1072 fugere
1419 1030 1500 1058 non
1538 1020 1701 1072 potest,

137 1109 251 1145 eum,
304 1109 415 1149 quae
447 1095 667 1137 Socratem
705 1094 759 1136 de
797 1107 965 1148 quaque
1004 1107 1048 1135 re
1087 1093 1289 1136 docuisse
1319 1094 1442 1135 nobis
1473 1093 1703 1143 tradiderit,

136 1170 285 1213 eadem
313 1170 403 1212 fere
433 1171 471 1211 in
499 1168 674 1224 reliquis
703 1170 875 1225 scriptis
897 1168 1040 1212 dicere
1062 1168 1223 1220 solere,
1255 1171 1421 1225 itaque,
1453 1183 1545 1210 cum
1565 1170 1702 1218 nobis,

134 1251 200 1296 ut,
234 1260 343 1301 quae
365 1246 490 1288 fuerit
509 1245 807 1301 Xenophontis
829 1245 882 1287 de
902 1246 1031 1287 rebus
1052 1245 1232 1301 publicis
1259 1247 1472 1289 sententia
1493 1259 1703 1300 quamque

134 1323 174 1364 in
198 1324 293 1379 ejus
317 1323 442 1366 vitam
462 1322 661 1365 habuerit
680 1323 772 1373 vim,
805 1307 1127 1378 explicaremus,
1148 1323 1410 1378 propositum
1431 1327 1567 1372 esset,
1590 1320 1704 1363 haud

136 1400 215 1441 abs
246 1413 292 1441 re
323 1404 394 1441 est
422 1400 557 1441 visu'm
587 1400 761 1454 primum
791 1397 913 1449 illud,
966 1399 1078 1453 quod
1109 1399 1212 1440 civis
1250 1413 1354 1441 esse
1376 1400 1474 1441 boni
1505 1399 1705 1441 statuerit

136 1476 362 1526 Socrates,
393 1475 593 1530 indagare
620 1475 676 1517 ad
705 1474 777 1517 illa
804 1475 1104 1533 Xenophontis
1130 1476 1309 1531 scripta,
1341 1476 1494 1531 quibus
1515 1475 1705 1530 magistri

134 1557 368 1608 praecepta
394 1551 531 1594 literis
558 1551 789 1601 mandavit,
835 1550 1166 1594 Memorabilium
1198 1552 1290 1594 dico
1321 1551 1451 1594 libros
1483 1557 1527 1594 et
1554 1550 1683 1593 Convi

134 1629 264 1679 vium3
297 1627 450 1670 deinde
472 1625 713 1683 explanare,
746 1628 969 1683 quomodo,
992 1622 1105 1683 quod
1127 1628 1332 1670 Socrates
1352 1628 1433 1669 hac
1454 1628 1508 1669 de
1528 1641 1575 1669 re
1596 1628 1703 1683 opti·

134 1717 244 1745 mum
276 1704 379 1745 esse
410 1699 642 1753 censuerit,
690 1704 932 1758 >Xenophon
963 1719 1038 1759 pro
1070 1705 1194 1745 animi
1226 1705 1293 1745 sui
1325 1703 1465 1761 indole
1495 1705 1535 1745 in
1567 1702 1701 1753 libris,

135 1780 288 1834 quibus
309 1794 429 1821 suam
450 1780 665 1835 profitetur
684 1780 951 1830 sententiam,
972 1780 1290 1835 permutaverit.
1349 1778 1482 1822 Erunt
1500 1780 1702 1829 fortasse,

135 1857 206 1910 qui
233 1861 457 1906 censeant,
489 1856 814 1909 Oeconomicum
842 1870 1012 1911 quoque
1042 1870 1145 1898 esse
1174 1855 1453 1898 adhibendum
1483 1856 1538 1898 ad
1566 1855 1699 1911 expli-

135 1931 270 1973 canda
296 1930 391 1982 illa,
430 1946 541 1987 quae
567 1932 805 1988 Xenophon
836 1932 1028 1974 Socratis
1055 1933 1177 1974 nobis
1203 1929 1423 1974 tradiderit
1449 1937 1701 1989 praecepta;

134 2008 215 2050 sed
236 2009 426 2063 quamvis
447 2023 515 2051 me
536 2024 615 2051 non
637 2007 784 2059 lateat,
806 2009 845 2050 in
867 2007 938 2051 illo
960 2004 1130 2064 quoque
1150 2007 1254 2051 libro
1273 2009 1494 2052 Socratem
1515 2023 1541 2051 a
1556 2008 1700 2051 Xeno-

132 2084 292 2139 phonte
313 2085 533 2127 docentem
554 2086 670 2140 fingi,
701 2090 838 2127 tamen
859 2084 990 2127 multa
1012 2090 1130 2135 sunt,
1163 2099 1273 2139 quae
1300 2099 1368 2127 me
1399 2091 1699 2135 commoveant,

132 2165 179 2203 ut
199 2162 376 2215 quaein
399 2161 679 2204 Oeconomico
709 2166 970 2218 exponuntur
996 2159 1272 2216 Xenophonti
1298 2162 1440 2216 potius
1468 2175 1592 2216 quam
1618 2162 1698 2204 So·

133 2236 236 2276 crati
257 2237 447 2278 tribuam.
508 2236 696 2286 Quorum
724 2237 959 2291 primarium
988 2242 1058 2277 est
1078 2235 1201 2285 illud,
1232 2237 1346 2290 quod
1366 2236 1701 2279 Memorabilium

133 2318 178 2355 et
196 2313 384 2354 Convivii
412 2313 617 2354 rationem
644 2308 769 2367 plane
799 2326 903 2354 esse
930 2309 1054 2354 aliam
1083 2326 1208 2366 quam
1236 2312 1506 2354 Oeconomici
1535 2312 1698 2356 intelle-

131 2389 252 2431 xisse
272 2387 370 2430 mihi
390 2387 548 2439 videor,
575 2401 685 2443 quae
706 2388 921 2431 sententia
942 2384 1069 2430 etiam
1090 2387 1351 2429 confirmatur
1370 2389 1533 2430 ratione
1554 2389 1701 2431 habita

130 2467 352 2520 temporis,
385 2479 466 2519 quo
488 2478 581 2507 cum
602 2466 910 2508 Oeconomicus
931 2470 1019 2508 tum
1040 2464 1279 2507 convivium
1300 2469 1345 2507 et
1365 2464 1700 2511 Memorabilium

130 2536 223 2581 libri
251 2541 396 2596 scripti
424 2541 646 2585 videantur
674 2555 789 2588 esse.
848 2538 1086 2584 Probabilis
1107 2539 1223 2582 ‘enim
1251 2545 1322 2583 est
1349 2542 1527 2583 virorum
1556 2542 1697 2585 docto-

130 2630 219 2658 rum
240 2617 467 2668 sententia,
488 2617 823 2661 Memorabilium
842 2617 972 2661 libros
993 2632 1019 2660 a
1033 2615 1321 2673 Xenophonte
1348 2631 1454 2660 esse
1482 2619 1700 2660 confectos

131 2692 198 2738 Ol.
225 2692 297 2745 96,
325 2690 372 2744 3,
402 2699 630 2750 postquam
652 2709 706 2739 ex
725 2696 834 2739 Asia
861 2695 1083 2738 reverterit
1103 2695 1302 2750 scriptor,
1334 2708 1427 2737 cum
1448 2695 1534 2737 veri
1555 2695 1697 2737 videa-

127 2774 197 2812 tur
225 2784 306 2813 non
337 2769 568 2827 dissimile,
600 2785 696 2816 eum
725 2772 855 2817 libros
885 2771 1002 2820 illos,
1036 2773 1189 2827 quibus
1218 2772 1438 2816 Socratem
1469 2770 1701 2815 defendere

1395 2859 1418 2903 1
