1860 3064
901 127 966 178 13

147 275 339 318 honorati
368 275 452 316 sint
482 288 508 316 a
534 275 742 330 principe,
780 288 876 317 eum
902 288 1005 317 esse
1033 273 1287 326 dilecturos,
1327 275 1369 317 id
1398 274 1511 330 quod
1537 277 1715 318 maxime

146 352 220 395 ait*
231 350 408 406 principi
435 363 539 393 esse
568 350 863 406 appetendum.
932 350 1023 392 Sed
1055 349 1161 393 alios
1190 365 1359 407 quoque
1386 352 1426 394 id
1456 352 1716 407 assequendi

148 432 320 470 exstare
347 427 517 478 modos,
548 442 678 482 quos,
710 440 803 469 cum
831 427 884 469 de
912 426 1232 481 gravissimare
1261 429 1339 470 sibi
1361 430 1553 471 videatur
1573 442 1715 483 agere,

148 504 309 546 diserte
344 501 528 559 explieat
559 502 798 559 Xenophon
835 502 948 558 (Cyr.
978 502 1019 553 8,
1046 503 1107 557 2).
1178 503 1424 545 Primarium
1457 506 1496 545 in
1532 514 1583 546 eo
1612 519 1714 548 esse

147 581 266 630 dicit,
293 584 352 622 rut
377 581 575 635 princeps
601 575 708 631 τοὺς
733 576 1005 637 ἀρχομένους
1029 578 1098 622 vel
1126 578 1273 634 diligat
1299 579 1367 622 vel
1396 595 1421 622 6
1442 595 1492 623 se
1520 579 1636 636 diligi
1656 583 1715 624 ita

146 654 329 707 simulet,
349 661 397 699 ut
417 670 559 698 eorum
579 657 709 698 rebus
729 655 960 711 prospiciat
981 661 1026 698 et
1046 654 1215 697 labores
1235 670 1310 711 pro
1336 657 1388 698 iis
1409 657 1638 712 suscipiat,
1669 661 1717 700 ut

145 733 332 787 gaudere
359 733 551 775 videatur
581 733 635 775 de
666 733 738 782 iis,
777 746 888 786 quae
918 731 1002 773 illis
1030 731 1146 774 laeta
1174 733 1369 775 accidant
1401 728 1455 775 et‘
1473 732 1617 775 dolere
1646 747 1714 787 ea,

147 809 258 865 quae
283 807 368 850 illis
395 807 580 850 dolorem
609 812 914 859 commoveant3
946 821 1085 863 neque
1115 808 1224 850 enim
1255 807 1395 851 solere
1422 797 1614 851 homines
1636 822 1714 851 eos

146 886 242 928 odio
268 887 489 942 persequi,
521 900 547 928 6
568 886 721 941 quibus
747 899 798 928 se
827 886 1013 928 sentiant
1039 884 1155 940 diligi
1182 885 1298 940 (Cyr.
1320 885 1361 936 8,
1382 886 1425 935 2,
1451 885 1489 928 1.
1526 886 1568 929 2.
1608 885 1648 939 1,
1670 885 1712 940 6,

146 961 188 1005 8.
218 961 311 1017 24).
334 966 335 969 ’
372 962 416 1004 111
438 962 506 1005 his
527 963 781 1019 conspicitur
801 961 899 1017 Cyri
921 962 1179 1015 humanitas,
1212 976 1321 1018 (11166
1350 963 1387 1004 si
1409 976 1492 1018 qua
1513 960 1597 1004 alia
1618 963 1713 1019 ejus

146 1039 280 1080 virtus
306 1040 416 1080 bene
446 1044 515 1081 est
540 1039 755 1093 descripta
775 1039 878 1093 (Cyr
903 1038 940 1090 1,
960 1039 1003 1090 2,
1030 1039 1063 1079 l.
1108 1038 1145 1090 1,
1167 1039 1208 1089 4,
1233 1038 1269 1082 1.
1309 1037 1350 1091 8,
1372 1040 1412 1089 4,
1435 1038 1498 1091 8).
1559 1039 1714 1092 Neque

145 1114 283 1156 minus
315 1127 439 1169 quam
474 1114 734 1157 humanitate
763 1113 854 1158 τῶν
884 1109 1139 1170 ἀρχομένων
1176 1114 1335 1156 animos
1372 1114 1453 1156 sibi
1492 1113 1713 1156 conciliare

143 1189 280 1245 posse
300 1191 528 1245 principem
549 1190 739 1232 donando
761 1203 899 1244 neque
915 1188 1042 1230 ullum
1063 1190 1227 1243 donum,
1249 1190 1361 1244 quod
1378 1190 1544 1244 quidem
1561 1190 1713 1232 iisdem

145 1267 353 1309 sumtibus
379 1266 522 1322 possit
549 1267 800 1322 comparari,
833 1279 935 1308 esse
956 1266 1203 1322 jucundius,
1240 1280 1363 1321 quam
1390 1266 1428 1307 si
1454 1266 1505 1307 iis
1528 1267 1645 1308 cibos
1668 1271 1712 1309 et

143 1348 271 1397 potus
297 1343 577 1397 impertiatur3
621 1356 744 1397 quam
774 1343 827 1383 ob
853 1333 941 1384 rem
971 1356 1154 1384 necesse
1181 1356 1305 1395 esse,
1345 1356 1486 1384 eorum
1514 1343 1752 1396 ciborum,¹».

145 1432 252 1473 quos
278 1419 361 1461 sibi
390 1419 543 1474 apponi
564 1416 778 1475 jussisset
805 1419 1024 1473 princeps,
1056 1418 1206 1460 idonea
1233 1419 1354 1473 copia
1381 1419 1440 1461 sit
1464 1423 1633 1474 parata,
1663 1405 1728 1461 ut?

146 1508 243 1548 eos,
275 1495 428 1548 quibus
459 1508 510 1536 se
530 1492 778 1536 benevolum
798 1494 1005 1548 praebere
1026 1492 1146 1545 velit,
1178 1495 1361 1535 ciborum
1381 1495 1522 1549 possit
1541 1494 1709 1549 partici-

143 1584 224 1625 pes
245 1570 401 1612 facere.
462 1569 589 1619 Quod
615 1575 887 1625 praeceptum
915 1571 953 1611 in
976 1584 1144 1612 numero
1166 1584 1308 1612 eorum
1330 1575 1418 1620 est,
1451 1571 1603 1625 quibus
1623 1585 1707 1613 ma-

142 1644 252 1687 xime
275 1643 517 1687 'delectatur
544 1644 805 1700 Xenophon,
849 1659 987 1700 neque
1014 1645 1152 1700 Cyrus
1180 1644 1260 1686 hoc
1280 1647 1370 1701 jam
1397 1646 1495 1687 inde
1522 1660 1548 1687 a
1576 1660 1707 1701 puero

141 1737 223 1762 11011
248 1722 410 1763 fecisse
437 1721 600 1775 fingitur
621 1720 738 1776 (Cyr.
764 1721 802 1773 1,
822 1721 864 1773 3,
886 1720 925 1765 7.
966 1720 1004 1774 1,
1026 1722 1068 1773 4,
1092 1720 1156 1765 11.
1194 1721 1237 1772 2,
1262 1720 1300 1772 1,
1320 1720 1392 1762 30.
1429 1721 1472 1773 2,
1494 1720 1536 1770 3,
1558 1721 1627 1764 24.
1663 1720 1706 1774 3,

140 1797 184 1851 2,
205 1796 290 1842 25.4
313 1795 355 1850 8,
377 1796 419 1850 4,
440 1796 508 1850 6),
539 1810 678 1852 11611116
706 1797 744 1837 in
774 1792 1039 1852 praeceptis,
1072 1809 1180 1850 quae
1210 1797 1393 1852 satrapis
1424 1796 1478 1838 de
1503 1798 1614 1838 bene
1640 1811 1704 1839 re-

142 1872 294 1928 gnandi
323 1873 451 1915 tradit
478 1878 588 1925 arte,
622 1861 737 1914 >idem
764 1872 1056 1914 desideramus
1085 1872 1197 1927 (Cyr.
1225 1872 1267 1924 8,
1296 1872 1338 1925 6,
1362 1872 1447 1925 11).
1513 1874 1708 1927 Apparet

140 1963 255 2003 vero,
285 1963 365 1991 non
386 1953 613 2005 propterea
634 1948 783 2002 solum,
813 1950 926 2004 quod
947 1950 1130 1991 ciborum
1151 1963 1320 1991 suorum
1339 1951 1431 2000 τοῖς
1451 1945 1710 2006 ἀρχομένοις

142 2026 215 2067 det
241 2024 403 2082 partem
431 2026 659 2080 quandam,
690 2027 918 2081 principem
950 2024 1087 2081 diligi,
1119 2026 1199 2068 sed
1229 2026 1415 2075 omnino,
1447 2031 1495 2068 ut
1521 2026 1602 2067 hoc
1623 2026 1707 2078 fiat,

141 2100 327 2144 liberalis
356 2103 413 2145 sit
432 2116 615 2144 necesse
638 2116 741 2144 esse
771 2107 815 2145 et
835 2102 1028 2147 donando
1049 2104 1184 2157 magis
1206 2102 1441 2144 delectetur
1462 2116 1586 2156 quam
1606 2116 1704 2156 pos-

139 2178 318 2220 sidendo
346 2177 464 2233 (Cyr.
484 2178 528 2231 2,
549 2176 592 2230 3,
619 2177 681 2221 12.
718 2177 762 2230 2,
783 2178 824 2229 4,
845 2178 887 2219 9.
923 2177 965 2230 5,
991 2177 1029 2230 1,
1050 2177 1120 2219 28.
1161 2177 1201 2230 8,
1224 2178 1269 2229 4,
1290 2176 1383 2231 31).
1450 2177 1704 2219 Liberalita-

139 2260 225 2297 tem
245 2269 345 2296 vero
360 2252 516 2315 >magno
537 2269 641 2296 esse
662 2255 758 2296 usui
778 2255 971 2309 principi,
991 2248 1149 2309 ‘quippe
1171 2268 1254 2309 qua
1274 2269 1353 2295 11011
1376 2253 1511 2296 solum
1534 2253 1706 2308 gloriam

140 2331 421 2383 nanciscatur,
453 2330 532 2372 sed
555 2330 733 2373 donatos
756 2330 882 2373 etiam
904 2331 1150 2385 obstringat,
1172 2334 1219 2371 ut
1239 2330 1501 2385 gratiasipsi
1522 2330 1708 2373 referant

140 2406 270 2463 atque
297 2408 417 2450 amici
445 2408 527 2463 ipsi
554 2408 655 2450 fiant
681 2402 832 2450 fidel-es
859 2407 972 2462 (Cyr.
1002 2406 1048 2459 8,
1069 2402 1113 2460 ’7,
1138 2406 1228 2460 13),
1267 2407 1419 2461 quibus
1447 2406 1706 2461 praesidium

139 2485 294 2527 nitatur
314 2485 449 2540 ipsius
479 2489 523 2527 et
550 2476 806 2539 reipublicae
833 2484 1109 2525 firmissimum
1138 2483 1251 2538 (Cyr.
1273 2481 1313 2533 8,
1334 2482 1377 2536 2,
1402 2481 1484 2536 17).
1506 2505 1510 2509 ·
1545 2484 1706 2525 Amicis

141 2561 249 2602 enim
284 2559 504 2603 admulta
539 2559 793 2615 perficienda
830 2574 933 2602 esse
968 2560 1185 2610 utendum3
1230 2559 1330 2613 quid
1367 2559 1479 2614 quod
1516 2559 1570 2601 ad
1606 2561 1703 2601 obe-

140 2636 337 2678 dientiam
376 2637 456 2678 sibi
493 2637 721 2693 parandam
758 2637 1081 2693 firmandamque
1113 2637 1340 2679 amicorum
1368 2637 1433 2679 ‘ait
1463 2651 1571 2692 opus
1603 2649 1704 2678 esse

139 2712 307 2755 auxilio.
365 2712 476 2754 Nam
496 2706 589 2755 cum
609 2705 828 2770 permultis
850 2715 907 2757 sit
926 2714 1230 2769 imperandum,
1260 2714 1351 2756 fieri
1372 2729 1451 2756 non
1473 2727 1626 2769 posse,
1659 2719 1706 2756 ut

138 2788 336 2847 princeps
364 2788 492 2837 solus<
513 2804 789 2846 quaecunque
820 2793 1001 2848 jusserit
1034 2796 1082 2833 ut
1113 2792 1212 2834 fiant
1242 2796 1380 2844 curet,
1428 2790 1506 2832 sed
1536 2790 1617 2831 hoc
1646 2791 1704 2833 ita
