1860 3064
876 132 943 183 23

129 285 208 325 bus
229 282 479 325 sententiam
509 279 651 322 solere
672 291 863 333 magnam
887 284 1048 334 partem
1070 292 1095 321 e
1117 279 1310 323 Socratis
1331 280 1519 335 magistri
1537 280 1695 335 judicio

128 359 337 415 pendere,
373 357 616 408 videamus,
655 368 766 410 quae
794 369 848 398 ex
868 356 941 407 iis,
980 368 1091 410 quae
1120 357 1241 398 nobis
1264 357 1457 399 Socratis
1479 356 1592 400 dicta
1613 362 1694 399 tra-

132 434 235 480 didit
254 432 516 488 Xenophon,
547 427 740 480 Socratis
770 431 907 474 fuisse
928 431 1120 474 videatur
1139 432 1207 474 his
1229 432 1283 474 de
1308 434 1438 474 rebus
1468 432 1695 476 sententia

132 500 280 561 Totam
305 522 407 550 vero
434 507 628 566 Socratis
655 489 913 562 disciplinam
941 512 1146 562 spectans
1176 508 1218 548 id
1237 509 1422 549 maxime
1442 509 1579 549 fuisse
1600 509 1697 563 ejus

131 569 345 629 e‘onrmum
362 583 685 625 ,demonstrasse
705 584 805 624 mihi
826 582 991 634 videor,
1022 588 1068 625 ut
1089 581 1321 638 discipulos
1342 584 1476 624 bonos
1498 584 1698 625 redderet

130 659 258 706 cives,
279 660 351 714 qui
370 659 530 701 civitati
549 646 830 714 prodessent3
856 663 902 700 et
920 660 1080 700 ratione
1101 659 1248 701 habita
1265 660 1361 715 ejus
1382 673 1517 701 rerum
1539 664 1696 710 status,

130 734 201 788 qui
222 731 288 778 illo,
309 735 498 789 tempore
518 733 704 777 Athenis
723 733 868 786 suerit,
890 738 935 776 et
955 734 1118 783 civium,
1141 732 1292 788 quales
1314 734 1478 787 suerint,
1499 732 1696 788 intelligi-

129 821 223 851 mus
244 809 336 851 eum
354 810 533 854 maxime
554 814 803 864 occupatum
824 801 927 851 esse
947 810 987 849 in
1010 810 1262 864 corrigendis
1285 811 1359 862 iis,
1390 823 1501 864 quae
1521 808 1632 852 mala
1653 814 1698 852 et

130 884 267 939 turpia
287 896 389 926 esse
409 889 633 934 censeret3·
651 889 696 926 et
714 898 791 940 per
811 897 862 926 se
882 882 1138 939 intelligitur,
1169 885 1257 926 fieri
1278 900 1357 926 non
1378 899 1534 940 posse,
1573 890 1620 928 ut
1644 886 1696 934 is,

131 957 435 1017 cujustalehsit
459 960 665 1011 studium,
703 975 783 1002 non
811 961 1021 1017 vituperet
1046 961 1238 1003 instituta
1263 960 1543 1017 reipublicae,
1575 962 1698 1017 cujus

130 1037 189 1079 sit
214 1036 337 1086 civis3
378 1048 471 1077 cum
497 1037 606 1078 enim
631 1036 817 1078 moribus
839 1037 1162 1080 Atheniensium
1178 1037 1428 1093 ‚depravatis
1455 1035 1698 1093 respublica

130 1116 271 1154 eorum
291 1106 440 1154 florere
460 1127 540 1153 non
561 1118 734 1167 posset,
766 1114 929 1154 omnino
952 1113 990 1152 in
1013 1113 1288 1153 emendandis
1315 1111 1554 1167 aequalium
1574 1114 1693 1154 mori-

130 1189 211 1230 bus
232 1188 364 1229 omnis
386 1188 577 1231 Socratis
597 1193 791 1231 versatur
811 1201 972 1239 sermo;
1016 1188 1222 1231 Socrates
1245 1187 1384 1230 nullus
1406 1189 1583 1239 fuisset,
1615 1189 1696 1230 nisi

130 1263 418 1312 Athenienses
437 1257 621 1305 fuissent
638 1264 823 1305 moribus
851 1263 1117 1319 depravatis3
1160 1264 1304 1318 itaque
1331 1279 1411 1305 non
1439 1265 1588 1305 mirum
1610 1268 1697 1316 est,

130 1338 250 1394 quod
273 1343 316 1382 et
346 1351 507 1381 omnem
536 1337 792 1394 reipublicae
812 1339 1092 1383 Atheniensis
1121 1339 1294 1381 formam
1327 1344 1372 1382 et
1399 1337 1695 1382 Athenienses

129 1415 251 1469 ipsos
272 1427 406 1469 saepe
428 1428 454 1456 a
475 1414 654 1457 Socrate
679 1414 915 1469 vituperari·
934 1413 1112 1469 legimus
1135 1414 1205 1468 (cf.
1233 1414 1360 1457 Mem.
1390 1413 1433 1465 3,
1456 1413 1498 1465 7,
1519 1413 1559 1456 6.
1592 1413 1631 1459 8.
1654 1414 1696 1464 4,

127 1490 171 1540 2,
190 1489 334 1533 2—6.
364 1488 408 1539 3,
439 1490 481 1543 1,
502 1490 544 1536 2.
573 1489 615 1535 3.
650 1489 689 1541 1,
717 1490 761 1542 2,
787 1489 846 1533 44
867 1494 992 1545 sqq.).
1054 1490 1231 1532 Omnino
1253 1492 1556 1533 vero-virtutes
1577 1489 1689 1538 illas,

129 1578 238 1620 quas
264 1565 418 1619 ubique
448 1552 769 1620 diligentissime
799 1566 1061 1608 commendat
1082 1566 1307 1614 Socrates,
1345 1580 1425 1607 non
1447 1579 1582 1621 posse
1603 1563 1696 1606 reli-

132 1641 254 1694 giose
289 1642 448 1681 servari
482 1642 661 1695 putabat
695 1642 734 1681 in
771 1641 1007 1696 republica,
1053 1642 1144 1690 ubi,
1193 1656 1284 1682 cum
1312 1643 1532 1696 perpetuis
1560 1655 1698 1682 rerum

129 1715 518 1758 commutationibus
560 1720 605 1758 et
640 1716 830 1758 dissidiis
866 1717 926 1757 ita
959 1717 1203 1771 perturbata
1232 1721 1374 1766 esset,
1412 1720 1460 1758 ut
1493 1715 1699 1758 effrenata

42 1827 44 1829 ,
128 1791 299 1833 licentia
324 1789 464 1845 plebis
490 1793 559 1856 vix
586 1792 800 1846 comprimi
828 1796 985 1847 posset
1014 1792 1082 1843 (cf.
1114 1792 1155 1832 h.
1185 1806 1246 1845 gr.
1279 1791 1318 1844 1,
1345 1790 1388 1843 ⁸7,
1420 1791 1517 1842 12),
1556 1789 1698 1844 legum

131 1865 244 1909 nulla
270 1866 361 1910 fere
399 1871 523 1909 esset
558 1867 637 1910 vis.
685 1866 817 1910 Tales
850 1871 936 1910 tum
964 1867 1100 1910 fuisse
1135 1867 1332 1911 Athenas
1364 1881 1487 1910 nemo
1521 1868 1698 1923 ignorat,

130 1958 223 1985 cum
243 1941 411 1985 Pericle
439 1948 600 1985 mortuo
628 1942 901 1996 Alcibiades,
940 1941 1090 1992 Cleon,
1130 1943 1200 1985 alii
1221 1943 1388 1998 plebem
1410 1944 1465 1985 ad
1485 1944 1698 1985 arbitrium

130 2019 252 2062 suum
279 2024 475 2074 regerent
501 2031 639 2075 neque
656 2013 926 2074 ,reipublicae
953 2019 1034 2062 sed
1062 2020 1232 2062 sibimet
1259 2020 1367 2075 ipsis
1387 2020 1697 2075 prospicerent3

133 2109 225 2136 eum
246 2095 538 2137 Athenienses
559 2095 799 2144 crederent,
831 2093 981 2135 civium
1010 2108 1113 2136 esse
1135 2094 1234 2136 nihil
1256 2096 1335 2136 nisi
1357 2088 1517 2147 edere,
1536 2095 1698 2142 bibere,

90 2167 91 2170 ¹
131 2170 308 2219 dormire
329 2169 473 2223 (Mem.
500 2168 543 2220 Ξ,
572 2168 616 2223 7,
643 2169 705 2223 7).
741 2157 1023 2213 ‘Praesertim
1050 2184 1151 2212 vero
1180 2185 1206 2212 a
1241 2171 1442 2220 Socrate,
1482 2171 1551 2225 qui
1581 2171 1699 2211 cives

132 2244 263 2288 vellet
283 2259 386 2288 esse
406 2247 524 2299 pios,
549 2246 717 2301 justos,
737 2244 905 2299 legibus
926 2245 1196 2295 obedientes,
1217 2250 1528 2300 temperantes,
1550 2245 1700 2294 fortes,

132 2319 210 2364 eos
222 2335 301 2376 par
318 2325 387 2363 est
401 2320 665 2376 reprehendi,
688 2321 757 2375 qui
773 2321 951 2363 virtutes
967 2320 1063 2363 illas
1079 2336 1159 2363 non
1177 2319 1382 2371 colerent3
1403 2318 1701 2363 Athenienses

130 2398 287 2454 antem*
305 2396 419 2440 tales
453 2387 589 2438 fuisse
623 2395 748 2439 multi*
775 2396 1106 2440 Memorabilium
1134 2398 1286 2439 docent
1320 2395 1415 2438 loci.
1492 2397 1700 2453 Imprimis

130 2465 294 2529 insig'ne
316 2479 386 2516 est
404 2471 495 2516 libri
514 2474 626 2516 tertii
647 2478 775 2529 caput
795 2475 995 2529 quintum,
1027 2475 1111 2525 ubi,
1141 2474 1196 2516 de
1216 2473 1468 2516 revocandis
1489 2474 1545 2516 ad
1564 2474 1702 2529 pristi-

129 2564 224 2592 nam
243 2551 436 2593 virtutem
456 2548 794 2592 Atheniensibus
822 2541 932 2605 quae
954 2563 1047 2592 cum
1081 2547 1260 2592 Periclis
1281 2548 1364 2590 filio
1386 2548 1621 2592 collocutus
1643 2550 1703 2591 sit

135 2626 360 2677 Socrates,
404 2607 833 2681 narrat‘Xenophon,
882 2625 994 2667 unde
1029 2639 1131 2682 prae
1163 2625 1317 2667 ceteris
1359 2631 1539 2682 apparet
1566 2625 1700 2667 Athe-

133 2702 308 2745 nienses
347 2714 488 2756 neque
528 2700 694 2756 legibus
736 2703 1059 2757 obtemperasse
1100 2701 1250 2758 (Mem.
1291 2699 1333 2751 3,
1364 2700 1413 2753 5,
1450 2700 1523 2753 16)
1564 2714 1704 2755 neque

130 2768 297 2821 bellicis
327 2771 489 2820 artibus
518 2791 691 2834 operam
721 2778 897 2821 dedisse
925 2778 1069 2831 (Mem.
1097 2775 1142 2831 3,
1180 2776 1222 2827 5,
1254 2777 1327 2821 21.
1374 2777 1424 2823 cf.
1459 2776 1501 2827 3,
1534 2775 1601 2832 12,
1634 2775 1701 2831 5);
