1860 3064
892 99 960 163 39

139 264 278 310 tamen
320 254 401 302 alia
441 257 573 301 multa
613 258 711 301 addi
752 263 959 313 possunt,
1007 272 1117 313 quae
1149 260 1186 300 si
1217 261 1483 316 respexeris,
1530 261 1706 304 fatearis

139 328 324 379 necesse
349 340 437 387 est,
463 335 551 376 fieri
574 347 662 375 'non
684 335 895 389 potuisse,
928 335 1023 389 quin
1047 334 1341 391 Xenophontis
1363 338 1526 380 animus
1547 336 1703 380 abalie-

138 413 307 454 naretur
337 410 391 451 ab
421 398 771 451 Atheniensibus.

254 486 398 540 Atque
431 484 684 545 contendere
710 482 811 528 licet
836 484 1132 540 Xenophontis
1160 488 1200 528 in
1227 487 1593 530 Lacedaemonios
1614 492 1703 535 stu-

137 562 249 603 dium
289 573 374 603 una
416 564 508 601 cuin
549 560 643 615 ipso
686 573 788 603 esse
829 565 991 612 natum3
1034 575 1172 616 neque
1215 563 1323 604 enim
1363 563 1600 617 ignoramus
1631 562 1702 606 illo

136 643 325 691 tempore
360 637 482 678 binas
518 637 557 677 in
595 649 843 691 quacunque
879 636 969 678 fere
1008 637 1214 678 Graeciae
1242 639 1347 680 urbe
1377 638 1511 680 fuisse
1538 645 1706 694 partes,-

136 725 310 767 quarum
347 710 481 754 altera
511 710 865 754 Lacedaemoniis
883 713 1073 773 faveret,
1112 708 1247 755 altera
1273 711 1612 756 Atheniensibus
1641 716 1702 769 (h.

135 797 194 842 gr.
214 786 259 838 6,
285 786 328 838 3,
361 787 455 841 14);
488 788 633 842 itaque
660 787 842 830 Athenis
863 801 1034 842 quoque
1056 787 1166 830 duae
1189 794 1308 832 erant
1332 795 1499 849 partes,
1532 803 1705 845 quarum

134 863 267 905 altera
284 861 404 906 alteri
418 862 742 916 adversabatur3
766 867 810 905 et
831 864 1059 918 optimates
1081 863 1249 918 quidem
1269 850 1424 920 ubique
1441 879 1467 907 a
1482 865 1701 908 Lacedae-

133 939 359 980 moniorum
385 940 558 981 stabant
592 939 806 993 partibus3
857 940 1003 993 itaque
1036 936 1129 982 utri‘
1153 938 1314 982 illarum
1349 941 1543 984 addictus
1578 940 1706 985 fuerit

133 1007 394 1069 Xenophon,
442 1027 566 1068 quem
600 1013 726 1055 nobili
761 1012 853 1055 loco
886 1019 1029 1055 natum
1057 1028 1160 1056 esse
1188 1029 1316 1074 supra
1345 1016 1541 1065 vidimus,
1590 1017 1705 1058 haud

133 1089 301 1132 videtur
342 1089 521 1135 dubium.
581 1090 737 1144 Neque
778 1088 889 1132 illius
920 1104 1072 1143 causa,
1119 1078 1288 1148 quoda
1331 1091 1510 1134 Socrate
1551 1091 1702 1135 doctus

134 1170 238 1216 erat,
251 1165 580 1208 Atheniensium
601 1165 795 1209 instituta
814 1164 956 1208 multis
977 1164 1168 1208 laborare
1184 1166 1298 1208 vitiis
1320 1172 1365 1210 et
1378 1167 1703 1211 Atheniensium

132 1240 287 1285 multos
301 1240 501 1284 mollitiae
518 1246 562 1284 et
580 1242 757 1285 inertiae
780 1241 948 1284 deditos
971 1256 1087 1292 esse,
1108 1241 1350 1297 intelligitur
1363 1257 1442 1284 non
1464 1248 1702 1286 contemtos

133 1330 236 1359 esse
284 1316 574 1359 Athenienses
620 1327 645 1358 a
691 1316 997 1371 Xenophonte,
1055 1318 1124 1371 qui
1164 1317 1329 1377 plurimi
1368 1319 1469 1360 fecit
1507 1317 1702 1360 bellicam

132 1393 350 1444 virtutem,
388 1407 467 1433 non
496 1392 707 1443 immemor
734 1393 850 1449 ejus,
891 1393 1004 1447 quod
1032 1393 1467 1459 praecipit‘Socrates
1491 1376 1702 1448 (Mems3,

130 1467 173 1520 9,
209 1467 301 1522 14),
340 1468 481 1510 studio
522 1472 638 1510 recte
670 1467 821 1523 agendi
852 1481 1061 1523 quemque
1104 1467 1261 1511 debere
1302 1469 1448 1511 teneri.
1508 1469 1702 1521 Accedit,

132 1545 245 1600 quod
266 1544 486 1587 Socratem
500 1542 821 1586 dilectissimum
837 1544 1134 1603 Xenophontis
1151 1545 1395 1599 magistrum
1409 1544 1702 1587 Athenienses

132 1621 283 1676 capitis
313 1619 712 1670 condemnaverunt,
749 1619 1075 1675 Xenophontem
1096 1622 1234 1675 ipsum
1256 1620 1381 1662 exilio
1408 1619 1700 1670 multaverunt,

134 1691 246 1751 quod
286 1696 340 1738 ad
381 1694 679 1738 conciliandam
720 1695 804 1738 sibi
845 1697 1146 1750 Spartanorum
1184 1697 1404 1738 amicitiam
1442 1711 1522 1737 non
1563 1695 1701 1738 solum

131 1756 452 1814 Atheniensium
487 1771 582 1812 odio
616 1770 922 1821 adducebatur,
966 1772 1048 1813 sed
1081 1771 1207 1814 etiam
1243 1785 1316 1821 eo,
1355 1770 1468 1826 quod
1496 1771 1623 1814 docet
1658 1777 1702 1815 et

133 1848 337 1890 Socrates
365 1847 511 1901 (Mem.
537 1847 581 1899 2,
610 1846 652 1900 6,
684 1847 727 1900 1)
759 1852 803 1888 et
831 1846 1067 1902 Xenophon
1097 1848 1192 1902 ipse
1219 1848 1376 1900 (Anab.
1403 1846 1446 1896 2,
1467 1845 1509 1898 5,
1534 1845 1627 1899 11),
1659 1848 1699 1887 in

132 1924 277 1965 amicis
314 1936 481 1978 quoque
510 1921 716 1979 eligendis
744 1923 945 1965 rationem
974 1936 1077 1965 esse
1115 1922 1351 1964 habendam
1380 1922 1698 1971 commodorum,

132 2014 243 2054 quae
272 2013 325 2041 ex
354 2013 496 2040 eorum
524 2000 703 2041 amicitia
730 2000 897 2054 possint
923 2000 1093 2054 percipi.
1160 1998 1304 2041 Penes
1332 1999 1700 2041 Lacedaemonios

133 2088 232 2117 vero
259 2074 329 2117 illa
351 2079 495 2117 aetate
517 2087 678 2116 summa
700 2079 791 2116 erat
810 2078 1021 2130 potestas,
1045 2087 1273 2128 eorumque
1293 2072 1511 2128 plurimum
1527 2071 1699 2116 valebat

132 2152 362 2194 auctoritas
383 2152 442 2204 (h.
464 2165 521 2205 gr.
543 2147 585 2199 3,
611 2148 648 2199 1,
670 2147 710 2193 3.
741 2148 889 2192 Haase
911 2149 966 2191 ad
986 2164 1015 2193 r.
1045 2149 1095 2194 L.
1120 2148 1187 2199 15,
1209 2147 1255 2202 6)
1278 2154 1322 2191 et
1342 2150 1438 2207 ipse
1458 2148 1698 2204 Xenophon

132 2232 288 2283 quanta
308 2228 470 2282 pietate
492 2226 795 2281 Spartanorum
817 2223 993 2267 coluerit
1021 2226 1295 2280 principatum
1317 2225 1493 2279 saepius
1515 2229 1701 2268 testatur

133 2298 288 2357 (Anah.
316 2300 358 2355 5,
386 2300 429 2352 9,
457 2297 529 2345 26.
567 2291 609 2353 ’7,
639 2298 679 2353 1,
709 2298 808 2352 30);
847 2298 985 2355 neque
1018 2314 1132 2350 eum,
1172 2301 1241 2355 qui
1271 2313 1295 2342 e
1323 2313 1368 2341 re
1398 2314 1478 2342 sua
1506 2300 1701 2343 crederet

133 2392 235 2421 esse
253 2391 303 2420 se
320 2377 813 2419 adLacedaemoniorum
833 2376 1022 2418 conferre
1040 2376 1274 2425 amicitiam,
1297 2389 1377 2430 spe
1394 2389 1499 2418 esse
1519 2375 1699 2432 lapsum,

103 2455 119 2469 ⁶
134 2454 444 2497 demonstratur
466 2466 538 2502 eo,
570 2451 683 2507 quo-d
704 2453 757 2494 ab
778 2452 830 2493 iis
851 2464 951 2507 agro
973 2450 1043 2492 illo
1065 2449 1284 2493 Scilluntio
1306 2449 1488 2494 donatus
1511 2456 1600 2504 est,
1628 2452 1700 2492 ubi

132 2530 186 2571 ab
216 2528 547 2571 Atheniensibus
584 2526 710 2570 exilio
747 2526 926 2569 affectus
962 2541 1037 2582 per
1069 2525 1223 2569 multos
1261 2540 1395 2568 annos
1429 2528 1557 2570 vitam
1585 2527 1700 2581 degit

133 2604 323 2649 otiosam.
382 2603 587 2646 Omnibus
608 2603 733 2658 igitur
756 2603 825 2645 his
845 2604 973 2646 rebus
994 2603 1185 2658 quamvis
1210 2617 1289 2644 non
1319 2601 1456 2645 solum
1487 2601 1698 2657 explicari,

135 2679 216 2723 sed
249 2680 375 2722 etiam
410 2679 606 2722 excusari
642 2684 687 2722 et
722 2664 888 2722 defendi
924 2677 1220 2735 Xenophontis
1255 2678 1295 2720 in
1329 2677 1693 2721 Lacedaemonios

135 2755 318 2798 studium
345 2746 541 2809 arbitrer,
579 2759 719 2797 tamen
739 2752 812 2797 ille
834 2759 879 2798 et
901 2754 1330 2797 Lacedaemoniorum
1350 2754 1632 2796 institutorum
1654 2758 1699 2796 et
