1860 3064
769 652 1075 732 Vita.

264 936 413 979 Paulus
450 937 579 979 Julius
617 937 807 979 Ernestus
852 936 1042 978 Aemilius
1080 936 1262 989 Werner,
1315 936 1505 978 formulae
1543 949 1711 991 evange-

148 1011 245 1052 licae
265 1012 460 1064 addictus,
487 1020 600 1054 natus
622 1026 711 1054 sum
733 1012 888 1066 Lignitii
911 1012 973 1053 die
995 1012 1072 1055 XV.
1095 1013 1243 1053 mensis
1263 1012 1356 1053 Juiii
1385 1026 1487 1053 anno
1509 1012 1627 1066 hujtis
1649 1026 1708 1054 se-

145 1087 226 1128 culi
258 1087 406 1130 XXVH.
428 1095 537 1144 patre
566 1072 689 1139 julio,
739 1088 985 1144 superiorum
1016 1088 1211 1143 gymnasii
1243 1088 1488 1142 Lignicensis
1528 1088 1711 1129 ordinum

147 1163 359 1216 magistro,
390 1170 513 1205 matre
542 1163 704 1205 Aemilia
725 1176 747 1203 e
768 1169 882 1216 gente
913 1163 1180 1204 Schilleriana.
1243 1163 1384 1204 Primis
1414 1163 1613 1203 literarum
1635 1163 1711 1203 ele-

147 1238 290 1280 mentis
312 1239 487 1281 imbutus
504 1238 700 1281 decimum
715 1239 815 1281 vitae
836 1253 982 1280 annum
1000 1252 1122 1293 agens
1140 1239 1237 1280 inter
1251 1239 1448 1295 gymnasii
1467 1238 1711 1293 Lignicensis

146 1314 213 1355 ino
232 1321 408 1370 tempore
423 1316 472 1356 cl.
495 1315 665 1356 Koehier
685 1321 835 1356 rectore
850 1315 1023 1356 florentis
1045 1314 1262 1370 discipulos
1275 1321 1456 1370 receptus
1478 1328 1583 1365 sum,
1605 1314 1711 1370 quod

147 1391 397 1447 gymnasium
430 1405 500 1447 per
531 1398 680 1447 septem
705 1390 946 1447 frequentavi
979 1404 1123 1443 annos3
1155 1396 1324 1447 quatuor
1353 1404 1447 1432 vero
1478 1390 1591 1432 annis
1622 1396 1710 1431 ante

148 1480 268 1521 quam
291 1481 313 1508 e
335 1468 542 1521 gxmnasio
564 1466 717 1509 decessi
733 1473 841 1522 pater
862 1466 1036 1522 optimus
1048 1474 1174 1508 morte
1196 1466 1290 1507 mihi
1312 1473 1372 1508 est
1391 1473 1562 1521 ereptus.
1601 1467 1711 1507 Anno

147 1541 268 1596 hujus
299 1543 423 1584 seculi
455 1543 565 1585 XLV.
596 1549 773 1599 tempore
803 1557 924 1585 verno
957 1543 994 1583 in
1026 1542 1170 1585 almam
1203 1542 1443 1584 academiam
1474 1541 1708 1583 Viadrinam

147 1617 315 1672 Lignitio
347 1619 535 1673 migravi,
567 1618 633 1659 ubi
665 1619 750 1659 viro
780 1619 831 1659 cl.
866 1619 963 1661 Pohi
995 1625 1088 1659 tunc
1119 1618 1248 1659 fasces
1280 1617 1526 1658 academicos
1557 1623 1710 1658 tenente

147 1693 250 1734 inter
279 1694 388 1736 cives
426 1694 672 1736 academicos
713 1701 894 1749 receptus
926 1701 963 1735 et
993 1709 1014 1736 a
1045 1695 1095 1736 ci.
1125 1693 1341 1735 Schneider
1380 1693 1708 1748 philosophorum
1768 1704 1772 1709 ‘

146 1770 273 1812 ordini
305 1770 484 1825 adJectus
515 1785 619 1813 sum.
681 1770 756 1812 Per
786 1785 928 1813 novem
960 1771 1165 1812 semestria
1197 1770 1353 1811 interfui
1385 1768 1535 1811 scholis
1558 1783 1620 1810 vv.
1643 1769 1708 1809 cil.

147 1845 382 1896 Schneider,
412 1846 654 1896 Ambrosch,
687 1846 837 1896 Haase,
869 1846 1049 1896 Braniss‚
1081 1845 1183 1887 Nees
1205 1845 1255 1885 ab
1276 1844 1502 1894 Esenbeck,
1535 1844 1708 1899 Roepei!‚

147 1922 295 1971 Cauer,
336 1922 589 1974 Middeldorf‚
629 1921 793 1973 Schulz,
837 1921 994 1973 Rhode,
1043 1922 1189 1978 quibus
1221 1921 1540 1977 praeceptoribus
1571 1934 1710 1962 omnes

145 2012 214 2041 eas
236 2012 337 2054 quas
358 2012 428 2054 par
448 2004 507 2040 est
527 1997 673 2053 gratias
695 2011 783 2052 ago.
