1860 3064
877 154 949 208 34

120 300 332 358 plectatur
352 301 505 355 libros,
537 301 607 356 qui
629 299 820 343 historici
842 297 1048 355 appellari
1077 297 1242 354 solent,
1273 297 1488 355 historiam
1509 310 1704 353 graecam

123 384 170 421 et
188 379 432 428 Anabasin,
463 375 600 423 altera
620 375 808 432 reliquos
831 389 977 418 omnes
1012 376 1108 433 ejus
1128 373 1279 425 libros,
1313 389 1422 430 quos
1442 373 1702 434 philosophi·

123 469 200 497 cos
230 453 449 510 appellare
476 451 589 499 licet.
650 453 802 508 Atque·
823 458 873 496 ut
899 453 953 497 ab
981 451 1052 494 his
1077 451 1291 507 incipiam»,
1321 465 1465 501 eorum
1491 451 1607 496 varia
1634 454 1705 495 est

121 531 250 582 ratio;
282 529 442 577 alteros
464 527 587 585 euim,
610 530 763 586 quibus
786 529 978 572 Socratis
1000 532 1159 571 tantum
1179 529 1437 592 continentur
1457 531 1703 584 praecepta,

123 607 184 648 ad
202 607 425 660 Socratem
447 605 758 650 defendendum
779 605 1043 659 conscriptos
1065 617 1169 661 esse
1191 604 1298 660 dixi,
1328 602 1474 648 alteris
1496 617 1596 660 vero
1618 616 1689 654 res

123 695 235 737 quae
267 681 553 738 Xenophonti-
575 681 658 736 ipsi
700 679 1057 727 commendandae
1091 673 1360 737 videbantur,
1406 676 1467 727 ite
1496 683 1705 722 tractatae

124 763 247 808 sunt,
287 763 335 800 ut
366 758 628 800 Socraticam
661 770 833 811 semper
857 755 1115 812 'respexisse
1155 749 1417 814 disciplinam
1447 746 1599 812 negari·
1621 769 1704 798 non-

122 835 278 889 possit.
339 833 384 874 In
414 831 499 874 illis
520 846 621 875 vero
644 833 878 882 tractandis
899 833 1043 884 rebus,
1072 832 1111 883 si
1131 833 1350 877 nobiscum
1371 830 1703 881 consideramus,

121 922 247 963 quam
267 909 378 952 viam
399 909 458 950 sit
477 912 657 950 secutus
681 912 726 949 et
743 921 855 969 quas
877 898 961 950 sihi
982 920 1057 949 res
1075 908 1319 951 tractandas
1341 906 1539 963 elegerit,
1562 920 1701 963 ,appa-

119 997 214 1026 rere
236 985 437 1042 arbitror,
460 997 558 1027 eum
577 983 763 1026 studium
784 988 828 1026 et
850 996 1026 1039 operam
1047 981 1286 1035 collocasse
1307 969 1496 1041 inprimis
1510 983 1552 1024 in
1573 982 1702 1026 rebus

120 1060 177 1102 ad
207 1058 366 1102 bellum
394 1059 704 1115 pertinentibus
743 1065 788 1102 et
816 1057 1039 1118 diligenter
1067 1073 1280 1119 exponere
1309 1057 1473 1115 solere,
1505 1072 1616 1114 quae
1633 1058 1704 1114 ‚sit

122 1134 285 1187 illarum
305 1149 442 1189 rerum
463 1134 519 1178 ad
539 1121 695 1195 bellum
717 1134 946 1189 gerendum
965 1136 1032 1178 vis
1054 1140 1103 1189 et
1126 1139 1337 1195 potestas.
1367 1135 1444 1176 Sic
1465 1134 1701 1184 venationis

130 1216 175 1254 et
204 1208 705 1265 agriculturae,studium
734 1215 961 1266 propterea
991 1210 1158 1265 laudat,
1197 1211 1413 1267 quod-qui
1444 1211 1497 1252 iis
1527 1223 1699 1268 operam

130 1284 253 1339 dent,
284 1286 417 1337 sortes
446 1286 547 1331 fiant
577 1287 735 1343 milites
764 1284 1037 1344 (cynegia,
1070 1285 1106 1342 ¹1·
1142 1285 1184 1328 8.
1216 1285 1379 1331 Oecon.
1403 1284 1598 1341 5‚.1—il.
1633 1283 1699 1329 13.

126 1362 193 1405 15.
228 1361 295 1407 19.
325 1362 368 1415 4,
388 1361 467 1424 2)-;2
489 1362 556 1418 sic
580 1359 772 1414 libellus,
805 1363 876 1416 qui
907 1362 961 1403 de
992 1376 1040 1408 re
1071 1364 1262 1419 equestri
1291 1362 1548 1419 inscribitur,
1577 1362 1616 1402 in
1645 1375 1700 1413 >eo

121 1439 391 1494 potissimum
419 1443 614 1486 versatur
636 1437 908 1493 explicando,
941 1438 1149 1493 quomodo
1178 1452 1315 1493 equus
1346 1439 1407 1494 sit
1431 1435 1702 1492 erudiendus,

124 1520 172 1557 ut
198 1528 250 1556 eo
280 1515 320 1554 in
348 1512 639 1571 bello-possis
660 1514 721 1555 uti
749 1513 823 1565 (de
853 1510 908 1570 re]
928 1528 1025 1569 equ.
1055 1528 1093 1556 c.
1114 1513 1154 1559 8.
1187 1528 1223 1557 c.
1249 1512 1317 1555 12³
1351 1512 1420 1567 11,
1445 1511 1540 1567 13);
1571 1514 1634 1556 sic
1662 1513 1701 1553 in

123 1588 195 1630 illo
218 1603 389 1644 quoque
408 1587 566 1643 libello,
599 1589 668 1643 qui
692 1593 761 1631 est
782 1589 837 1630 de
858 1587 1138 1644 vectigalibus
1158 1590 1360 1646 scriptus,
1391 1587 1550 1633 diserte
1572 1602 1699 1645 expo—

124 1666 207 1718 nit,
239 1666 292 1706 ab
314 1664 651 1707 Atheniensibus
680 1664 818 1706 auctis
842 1664 1048 1706 reditibus
1073 1663 1238 1706 facilius
1264 1665 1417 1706 hostes
1438 1678 1573 1718 posse
1593 1665 1701 1711 vinci

124 1740 198 1793 (de
219 1744 329 1783 vect.
351 1740 399 1790 4,
419 1738 511 1794 51),
543 1752 683 1794 neque
705 1752 809 1782 esse
831 1739 1072 1794 timendum,
1101 1754 1155 1783 ne
1176 1740 1328 1798 hostes
1348 1739 1702 1786 invasionefacta

123 1816 338 1870 potiantur
359 1815 678 1875 argentifodinis
701 1815 776 1868 (de
797 1820 907 1857 vect.
928 1815 971 1868 4,
993 1814 1205 1870 43-48),
1226 1815 1447 1858 dummodo
1467 1816 1698 1861 Athenien—

127 1905 226 1939 ses,
258 1904 371 1945 quae
389 1891 708 1946 praecepisset,
739 1891 1004 1945 perfecerint.
1065 1890 1252 1947 Reliqua
1271 1906 1371 1934 vero
1394 1892 1431 1933 si
1454 1896 1699 1947 spectamus

124 1963 425 2019 Xenophontis
454 1964 680 2020 opuscula,
712 1964 795 2006 illis
825 1971 899 2007 aut
927 1967 1030 2010 artis
1058 1968 1352 2022 imperatoriae
1378 1971 1541 2023 partem
1569 1981 1698 2022 quan-

124 2041 240 2090 dam,
282 2039 632 2094 quemadmodum
653 2038 819 2093 libelle,
851 2032 924 2096 q'ui
946 2046 1016 2083 est
1043 2041 1097 2084 de
1119 2042 1255 2083 officio
1283 2041 1471 2096 magistri
1500 2043 1700 2096 equitum,

121 2120 198 2157 aut
237 2115 399 2163 omnino
441 2113 540 2156 aliis
580 2115 810 2170 imperandi
851 2121 985 2158 artem
1027 2116 1209 2158 describi
1249 2115 1532 2171 intelligimus.
1593 2099 1700 2165 Tale

121 2188 345 2232 consilium
385 2204 490 2233 esse
531 2188 686 2243 libelli,
734 2192 805 2246 qui
847 2193 900 2234 ab
921 2191 1119 2234 'Hierone
1160 2206 1308 2237 nomen
1349 2193 1535 2247 accepit,
1579 2198 1700 2247 patet

120 2265 191 2316 (ef.
214 2280 250 2306 c.
271 2263 473 2318 7—11);
507 2264 727 2307 consilium
747 2280 848 2308 vero
869 2265 983 2312 illius
1001 2266 1119 2317 libri,
1152 2268 1224 2322 qui
1256 2272 1326 2311 est
1356 2268 1410 2310 de
1436 2281 1482 2309 re
1510 2266 1700 2310 familiari

121 2342 231 2384 bene
262 2340 441 2394 tuenda,
479 2340 647 2397 longius
679 2343 733 2385 ab
766 2356 819 2385 eo
851 2344 1013 2386 abesse
1044 2343 1176 2385 videri
1207 2348 1373 2399 potest;
1395 2343 1706 2406 3tamenfquod'

122 2415 329 2458 Socrates
351 2417 496 2470 (Mem.
519 2417 562 2467 3,
580 2417 626 2470 4)
649 2409 924 2470 demonstrat,
946 2420 1101 2466 bonum
1121 2418 1349 2474 choragum
1365 2424 1410 2462 et
1426 2433 1698 2462 oeconomum

121 2502 227 2533 esse
267 2505 403 2545 posse
443 2493 597 2535 bonum
638 2495 956 2549 imperatorem,
1009 2500 1053 2537 et
1089 2493 1174 2537 illis
1215 2496 1327 2548 enim
1365 2500 1410 2537 et
1439 2495 1537 2543 huic
1565 2495 1698 2539 multa

126 2566 266 2608 officia
299 2579 403 2608 esse
435 2569 666 2611 communia
697 2569 841 2622 (Mem.
870 2568 914 2623 3,
935 2570 977 2623 4,
1000 2568 1198 2625 8-12)‚
1230 2570 1342 2613 idem
1370 2569 1697 2627 Xenophontem

119 2655 290 2697 quoque
312 2644 538 2687 censuisse
561 2649 606 2686 et
626 2659 703 2699 per
722 2659 775 2687 se
796 2645 1016 2700 probabile
1047 2651 1119 2690 est
1139 2651 1184 2689 et
1203 2647 1376 2695 disertis
1406 2648 1460 2689 ab
1490 2660 1541 2700 eo
1570 2647 1694 2689 doce-

118 2731 209 2758 mur
229 2704 372 2760 'verbis
394 2718 523 2772 (Oce.
544 2717 617 2771 21,
638 2719 709 2770 2),
733 2725 963 2776 utrumque
993 2723 1103 2774 enim
1129 2723 1189 2779 ait
1208 2722 1435 2779 imperandi
1461 2721 1557 2769 aliis
1585 2724 1692 2778 peri-

115 2797 202 2844 tum
224 2807 329 2836 esse
351 2793 524 2847 debere,
556 2809 682 2850 quam
704 2796 757 2838 ob
786 2810 874 2838 rem
893 2811 1030 2856 saepe
1047 2811 1307 2842 oeconomus
1329 2813 1423 2842 cum
1443 2800 1695 2853 imperatore
