1860 3064
0 2800 51 2938 N

889 141 955 190 17

156 295 465 346 comparatam,
501 302 594 330 cum
622 289 751 341 enim,
797 288 867 342 qui
899 287 1031 329 variis
1047 288 1105 329 sit
1125 291 1357 342 occupatus
1378 280 1530 339 rebus,
1581 298 1728 327 omnes

155 366 265 408 bene
285 367 435 421 gerere
455 380 535 407 non
556 364 697 420 possit
718 362 836 419 (Cyr.
858 362 901 417 8,
924 362 968 413 2,
990 361 1060 417 5),
1099 362 1179 405 sed
1200 361 1320 405 solus
1342 363 1402 418 is,
1434 363 1505 418 qui
1530 361 1585 405 ad
1606 376 1730 404 unam

153 446 314 486 tantum
333 455 421 484 rem
441 441 619 484 animum
641 439 892 490 adverterit,
944 452 997 482 ea
1026 437 1234 482 excellere
1257 437 1416 490 soleat,
1467 436 1629 495 Cyrus,
1680 443 1728 480 ut

155 517 320 570 Persae
340 519 469 561 rebus
489 521 649 559 tantum
669 514 835 558 bellicis
857 529 1028 571 operam
1049 515 1169 565 dent,
1201 516 1255 556 iis
1286 515 1434 558 dicitur
1456 520 1601 557 auctor
1623 528 1727 556 esse

156 589 252 648 cyr.'
271 592 315 647 2,
346 591 386 646 1,
412 591 485 635 21.
515 590 558 645 5,
590 590 628 645 1,
655 589 727 635 30.
759 591 801 645 8,
832 590 870 644 1,
902 589 970 636 12.
1006 589 1078 633 34.
1117 589 1159 644 8,
1186 589 1230 641 6,
1260 587 1354 643 10),
1405 588 1565 631 illarum
1586 594 1728 632 autem

158 670 217 712 ait
249 684 329 712 non
365 667 578 712 meliorem
613 682 716 711 esse
744 669 986 723 magistram
1023 681 1146 723 quam
1172 667 1443 709 venationem
1466 666 1581 722 (Cyr.
1614 666 1652 717 1,
1682 666 1727 718 2,

157 742 249 800 10),
281 747 426 801 itaque
453 745 508 788 ad
536 743 773 787 venandum
802 757 1071 800 summopere
1100 757 1178 786 eos
1206 743 1365 786 excitat
1385 742 1498 798 (Cyr.
1521 741 1564 792 8,
1591 741 1629 795 1,
1658 740 1728 786 34.

155 820 198 875 8,
223 820 266 872 6,
297 820 383 876 1⁰).
442 822 600 876 Atque>
616 820 778 862 omnino
808 818 914 876 Cyri
935 820 1119 863 studium
1141 833 1165 861 e
1185 817 1327 862 multis
1348 818 1644 875 Cyropaediae
1666 818 1725 860 lo-

154 899 218 940 cis
238 903 420 954 apparet
435 899 473 939 in
492 911 544 940 eo
560 898 744 953 positum
760 911 877 949 esse,
898 902 945 939 ut
957 897 1050 940 τῶν
1069 882 1327 952 ἀρχὸμὲνων
1342 910 1517 951 corpora
1533 897 1726 938 corrobo-

154 979 522 1029 raretcorumque
553 971 777 1029 disciplina
805 971 961 1015 bellica
990 973 1172 1015 firmaret
1212 973 1394 1022 animos,
1446 972 1527 1013 hoc
1572 972 1729 1014 ductus

156 1050 329 1095 consilio
359 1050 474 1106 (Cyr.
496 1049 546 1099 ’2,
579 1035 617 1100 1,
645 1039 745 1102 20),
785 1054 833 1092 ut
859 1054 1056 1105 parerent
1083 1050 1338 1104 praefectis,
1371 1047 1555 1091 libenter
1576 1049 1733 1091 ferrent

155 1126 347 1179 labores,
383 1124 571 1184 pericula
599 1127 809 1179 subirent,
846 1139 983 1168 rerum
1010 1126 1135 1182 periti
1156 1129 1307 1168 essent
1326 1122 1586 1176 militarium,
1612 1139 1727 1168 arma

154 1202 335 1259 polirent
362 1209 407 1247 et
433 1209 659 1261 ornarent,
686 1203 825 1245 laudis
847 1208 892 1245 et
915 1203 1087 1244 honoris
1111 1202 1251 1258 cupidi
1273 1207 1442 1253 essent;
1482 1200 1595 1244 tales
1617 1203 1727 1244 enim

158 1294 261 1322 esse
296 1279 452 1323 milites
482 1281 615 1322 bonos
644 1279 758 1335 (Cyr.
790 1278 827 1329 1,
855 1278 898 1329 5,
929 1277 995 1324 12.
1038 1276 1080 1328 2,
1112 1277 1150 1327 1,
1184 1277 1283 1332 22);
1332 1283 1378 1321 et
1412 1277 1525 1321 tales
1552 1283 1601 1320 ut
1627 1278 1728 1320 facti

155 1358 239 1421 sint
265 1358 304 1399 ei
331 1357 564 1412 contigisse
591 1369 760 1411 quoque
782 1356 931 1398 dicitur
959 1355 1076 1410 (Cyr.
1096 1354 1140 1406 3,
1161 1353 1236 1409 35,
1252 1354 1294 1399 9.
1329 1354 1371 1405 5,
1396 1355 1439 1405 2,
1466 1354 1551 1408 15).
1622 1354 1727 1396 Cum

98 1480 100 1482 ,
157 1438 317 1485 autem,
354 1438 401 1476 ut
429 1433 621 1475 omnibus
649 1432 734 1474 illis
762 1432 891 1474 rebus
920 1446 1092 1488 operam
1120 1432 1221 1473 dare
1241 1432 1431 1487 possint,
1462 1444 1646 1473 necesse
1668 1431 1727 1474 sit

155 1509 252 1552 aliis
273 1511 455 1565 negotiis
482 1514 654 1559 vacent,
686 1510 726 1550 in
747 1509 856 1550 duas
877 1510 1152 1565 sejunguntur
1175 1513 1324 1563 partes
1352 1521 1498 1549 omnes
1533 1506 1616 1557 illi,
1658 1507 1728 1561 qui

157 1600 183 1628 a
204 1585 314 1641 Cyro
336 1590 546 1642 reguntur,
569 1598 742 1640 quorum
762 1583 909 1627 alteris
932 1585 1177 1627 exercitatio
1194 1585 1233 1625 in
1250 1584 1377 1626 armis
1394 1582 1489 1625 sola
1510 1588 1580 1625 est
1600 1583 1728 1633 cordi,

158 1661 304 1705 alteris
333 1676 433 1704 vero
461 1661 706 1710 curandum,
745 1665 793 1702 ut
820 1659 904 1702 illis
926 1660 981 1702 ad
1001 1661 1155 1702 victum
1176 1659 1460 1714 quotidianum
1480 1660 1729 1702 necessaria

156 1739 402 1794 praebeant.
461 1737 662 1792 Magnum
682 1737 809 1792 igitur
830 1736 1050 1780 discrimen
1072 1736 1294 1779 intercedit
1313 1736 1421 1778 inter
1441 1749 1540 1784 eos,
1573 1736 1727 1790 quibus

156 1829 231 1872 pro
258 1813 460 1857 militibus
487 1814 616 1856 utitur
638 1812 796 1867 Cyrus,
850 1804 1000 1867 quales
1029 1817 1127 1855 sunt
1145 1812 1332 1861 Persae,
1381 1812 1519 1862 Medi,
1572 1812 1728 1862 Sacae,

154 1890 374 1945 Hyrcanii,
412 1890 530 1945 Syri,
569 1890 773 1939 Armenii,
814 1893 858 1931 et
894 1890 1001 1932 inter
1037 1902 1135 1938 eos,
1174 1888 1245 1943 qui
1283 1889 1490 1930 servitute
1522 1888 1722 1943 oppressi

156 1970 370 2016 tenentur,
410 1964 758 2020 quemadmodum
785 1964 893 2007 enim
921 1962 1004 2014 illis
1033 1979 1114 2006 non
1135 1962 1238 2006 licet
1258 1963 1485 2006 inermibus
1508 1976 1632 2013 esse,
1670 1964 1730 2005 ita

156 2042 269 2112 bosv
297 2042 450 2096 quibus
477 2041 532 2082 ad
560 2041 770 2083 arbitrium
798 2055 920 2082 suum
947 2042 1125 2095 imperat
1153 2039 1312 2094 Cyrus,
1345 2054 1516 2095 semper
1534 2044 1583 2081 ut
1601 2041 1729 2080 armis

156 2118 294 2173 privet
318 2118 495 2173 primum
522 2120 640 2159 curat
666 2115 784 2171 (Cyr.
814 2114 857 2166 7,
884 2114 925 2166 5,
953 2113 1025 2158 34.
1070 2115 1112 2165 4,
1136 2114 1178 2165 4,
1219 2114 1282 2168 1),
1323 2128 1462 2170 neque
1491 2128 1569 2156 eos
1597 2117 1728 2158 rebus
1803 2106 1852 2126 w

157 2193 323 2236 bellicis
354 2206 532 2249 operam
568 2193 670 2235 ‹la-re
705 2193 860 2247 patitur
896 2191 1012 2246 (Cyr.
1051 2190 1094 2241 7,
1126 2190 1169 2240 5,
1199 2189 1296 2244 79),
1338 2205 1420 2246 quo
1454 2196 1498 2233 et
1528 2191 1653 2233 animi
1684 2196 1730 2233 et

157 2282 332 2325 corpora
353 2282 495 2311 eorum
516 2267 784 2311 debilitentur
811 2266 979 2310 facilius
1000 2267 1118 2323 (Cyr.
1139 2266 1181 2318 ¹7,
1203 2266 1245 2318 5,
1267 2266 1337 2309 69.
1369 2265 1410 2317 8,
1436 2265 1474 2317 1,
1496 2264 1585 2320 45).
1646 2266 1728 2308 His

157 2347 279 2400 igitur
307 2345 444 2388 servis
478 2350 649 2388 utuntur
674 2344 861 2395 Persae,
902 2349 947 2387 et
967 2344 1237 2399 conspicuum
1257 2344 1302 2386 fit
1321 2344 1361 2384 in
1384 2357 1436 2384 eo
1458 2341 1583 2392 illud,
1615 2343 1730 2396 quod

156 2422 314 2478 ubique
353 2422 475 2464 nobis
516 2422 779 2477 antiquorum
822 2419 1069 2478 populorum
1110 2420 1305 2462 civitates
1346 2417 1730 2475 contemplantibus

160 2500 357 2548 occurrit,
397 2499 623 2541 censuisse
649 2498 977 2553 Xenophontem
999 2511 1189 2552 quoque,
1228 2501 1274 2538 ut
1293 2496 1440 2550 pauci,
1464 2496 1549 2550 qui
1572 2494 1728 2551 optimo

153 2575 250 2630 jure
272 2575 357 2616 sint
384 2574 524 2625 cives,
562 2573 683 2617 liberi
705 2587 809 2617 esse
829 2574 1016 2634 possint,
1048 2586 1231 2616 necesse
1254 2585 1377 2622 esse,
1409 2570 1560 2628 reliqui
1582 2584 1727 2614 omnes

159 2651 214 2693 iis
233 2646 433 2696 serviant.

233 2724 238 2727 ”
272 2725 450 2772 Etiamsi
477 2739 577 2771 vero
606 2728 660 2771 de
681 2726 773 2779 illo,
812 2727 925 2784 quod
946 2741 1076 2785 supra
1097 2723 1394 2783 Xenophontis
1423 2726 1559 2769 fuisse
1589 2725 1723 2767 consia

159 2803 257 2848 lium
277 2805 316 2847 in
344 2804 610 2862 Cyropaedia
644 2799 948 2849 conscribenda
978 2805 1271 2861 exposuimus,
1305 2818 1358 2846 ex
1380 2804 1432 2845 iis
1454 2816 1564 2859 quae
1585 2813 1726 2857 usque

1417 2890 1448 2936 2
