<?xml version="1.0" encoding="UTF-8"?>
<!DOCTYPE html PUBLIC "-//W3C//DTD XHTML 1.0 Transitional//EN"
    "http://www.w3.org/TR/xhtml1/DTD/xhtml1-transitional.dtd">
<html xmlns="http://www.w3.org/1999/xhtml" xml:lang="en" lang="en">
 <head>
  <title>
</title>
<meta http-equiv="Content-Type" content="text/html;charset=utf-8" />
  <meta name='ocr-system' content='tesseract 3.04.00' />
  <meta name='ocr-capabilities' content='ocr_page ocr_carea ocr_par ocr_line ocrx_word'/>
</head>
<body>
  <div class='ocr_page' id='page_1' title='image "4737187_0048.png"; bbox 0 0 1860 3064; ppageno 0'>
   <div class='ocr_carea' id='block_1_1' title="bbox 910 164 979 220">
    <p class='ocr_par' dir='ltr' id='par_1_1' title="bbox 910 164 979 220">
     <span class='ocr_line' id='line_1_1' title="bbox 910 164 979 220; baseline 0 -4"><span class='ocrx_word' id='word_1_1' title='bbox 910 164 979 220; x_wconf 71' lang='grc'><strong>38</strong></span> 
     </span>
    </p>
   </div>
   <div class='ocr_carea' id='block_1_2' title="bbox 808 227 1085 235">
    <p class='ocr_par' dir='ltr' id='par_1_2' title="bbox 808 227 1085 235">
     <span class='ocr_line' id='line_1_2' title="bbox 808 227 1085 235; baseline 0 2829"><span class='ocrx_word' id='word_1_2' title='bbox 808 227 1085 235; x_wconf 95' lang='lat' dir='ltr'><strong> </strong></span> 
     </span>
    </p>
   </div>
   <div class='ocr_carea' id='block_1_3' title="bbox 155 310 1735 744">
    <p class='ocr_par' dir='ltr' id='par_1_3' title="bbox 155 310 1732 591">
     <span class='ocr_line' id='line_1_3' title="bbox 155 310 1732 370; baseline -0.002 -14"><span class='ocrx_word' id='word_1_3' title='bbox 155 314 359 370; x_wconf 71' lang='lat' dir='ltr'><strong>phontem</strong></span> <span class='ocrx_word' id='word_1_4' title='bbox 389 311 573 355; x_wconf 84' lang='lat' dir='ltr'><strong>studium</strong></span> <span class='ocrx_word' id='word_1_5' title='bbox 604 316 651 356; x_wconf 89' lang='lat' dir='ltr'><strong>et</strong></span> <span class='ocrx_word' id='word_1_6' title='bbox 681 324 857 369; x_wconf 82' lang='lat' dir='ltr'><strong>operam</strong></span> <span class='ocrx_word' id='word_1_7' title='bbox 886 312 926 354; x_wconf 85' lang='lat' dir='ltr'><strong>in</strong></span> <span class='ocrx_word' id='word_1_8' title='bbox 950 324 1003 353; x_wconf 91' lang='lat' dir='ltr'><strong>eo</strong></span> <span class='ocrx_word' id='word_1_9' title='bbox 1034 310 1274 354; x_wconf 81' lang='lat' dir='ltr'><strong>collocasse</strong></span> <span class='ocrx_word' id='word_1_10' title='bbox 1304 315 1505 368; x_wconf 76' lang='lat' dir='ltr'><strong>apparet,</strong></span> <span class='ocrx_word' id='word_1_11' title='bbox 1551 315 1598 354; x_wconf 89' lang='lat' dir='ltr'><strong>ut</strong></span> <span class='ocrx_word' id='word_1_12' title='bbox 1627 311 1732 353; x_wconf 72' lang='lat' dir='ltr'><strong>artis</strong></span> 
     </span>
     <span class='ocr_line' id='line_1_4' title="bbox 156 387 1732 446; baseline -0.002 -14"><span class='ocrx_word' id='word_1_13' title='bbox 156 389 455 446; x_wconf 72' lang='lat' dir='ltr'><strong>imperatoriae</strong></span> <span class='ocrx_word' id='word_1_14' title='bbox 493 388 685 431; x_wconf 84' lang='lat' dir='ltr'><strong>traderet</strong></span> <span class='ocrx_word' id='word_1_15' title='bbox 714 392 968 443; x_wconf 84' lang='lat' dir='ltr'><strong>praecepta,</strong></span> <span class='ocrx_word' id='word_1_16' title='bbox 1012 402 1096 442; x_wconf 84' lang='lat' dir='ltr'><strong>qua</strong></span> <span class='ocrx_word' id='word_1_17' title='bbox 1126 401 1172 433; x_wconf 89' lang='lat' dir='ltr'><strong>re</strong></span> <span class='ocrx_word' id='word_1_18' title='bbox 1205 392 1250 430; x_wconf 89' lang='lat' dir='ltr'><strong>et</strong></span> <span class='ocrx_word' id='word_1_19' title='bbox 1286 389 1386 443; x_wconf 74' lang='lat' dir='ltr'><strong>‘ipsa</strong></span> <span class='ocrx_word' id='word_1_20' title='bbox 1415 401 1511 430; x_wconf 88' lang='lat' dir='ltr'><strong>mea</strong></span> <span class='ocrx_word' id='word_1_21' title='bbox 1550 387 1732 433; x_wconf 73' lang='lat' dir='ltr'><strong>firmatur</strong></span> 
     </span>
     <span class='ocr_line' id='line_1_5' title="bbox 157 448 1729 518; baseline -0.001 -12"><span class='ocrx_word' id='word_1_22' title='bbox 157 448 376 512; x_wconf 78' lang='lat' dir='ltr'><strong>sententia</strong></span> <span class='ocrx_word' id='word_1_23' title='bbox 396 464 641 512; x_wconf 86' lang='lat' dir='ltr'><strong>statuentis,</strong></span> <span class='ocrx_word' id='word_1_24' title='bbox 666 463 943 518; x_wconf 80' lang='lat' dir='ltr'><strong>Xenophonti</strong></span> <span class='ocrx_word' id='word_1_25' title='bbox 963 463 1044 505; x_wconf 86' lang='lat' dir='ltr'><strong>hoc</strong></span> <span class='ocrx_word' id='word_1_26' title='bbox 1063 463 1218 517; x_wconf 83' lang='lat' dir='ltr'><strong>cuique</strong></span> <span class='ocrx_word' id='word_1_27' title='bbox 1237 469 1506 518; x_wconf 74' lang='lat' dir='ltr'><strong>summopere</strong></span> <span class='ocrx_word' id='word_1_28' title='bbox 1527 466 1729 518; x_wconf 85' lang='lat' dir='ltr'><strong>appeten-</strong></span> 
     </span>
     <span class='ocr_line' id='line_1_6' title="bbox 158 538 1293 591; baseline -0.002 -9"><span class='ocrx_word' id='word_1_29' title='bbox 158 539 256 582; x_wconf 88' lang='lat' dir='ltr'><strong>dum</strong></span> <span class='ocrx_word' id='word_1_30' title='bbox 275 539 413 588; x_wconf 79' lang='lat' dir='ltr'><strong>visum</strong></span> <span class='ocrx_word' id='word_1_31' title='bbox 435 551 563 591; x_wconf 86' lang='lat' dir='ltr'><strong>esse,</strong></span> <span class='ocrx_word' id='word_1_32' title='bbox 594 544 642 581; x_wconf 92' lang='lat' dir='ltr'><strong>ut</strong></span> <span class='ocrx_word' id='word_1_33' title='bbox 664 539 797 581; x_wconf 87' lang='lat' dir='ltr'><strong>bonus</strong></span> <span class='ocrx_word' id='word_1_34' title='bbox 817 539 940 582; x_wconf 74' lang='lat' dir='ltr'><strong>fleret</strong></span> <span class='ocrx_word' id='word_1_35' title='bbox 961 538 1172 582; x_wconf 81' lang='lat' dir='ltr'><strong>exercitus</strong></span> <span class='ocrx_word' id='word_1_36' title='bbox 1196 538 1293 581; x_wconf 81' lang='lat' dir='ltr'><strong>dux.</strong></span> 
     </span>
    </p>

    <p class='ocr_par' dir='ltr' id='par_1_4' title="bbox 157 611 1735 744">
     <span class='ocr_line' id='line_1_7' title="bbox 275 611 1735 670; baseline -0.001 -14"><span class='ocrx_word' id='word_1_37' title='bbox 275 613 547 670; x_wconf 78' lang='lat' dir='ltr'><strong>Quapropter</strong></span> <span class='ocrx_word' id='word_1_38' title='bbox 597 615 636 656; x_wconf 88' lang='lat' dir='ltr'><strong>si</strong></span> <span class='ocrx_word' id='word_1_39' title='bbox 686 614 967 669; x_wconf 75' lang='lat' dir='ltr'><strong>ponderamus</strong></span> <span class='ocrx_word' id='word_1_40' title='bbox 1007 613 1301 669; x_wconf 78' lang='lat' dir='ltr'><strong>Xenophonti,</strong></span> <span class='ocrx_word' id='word_1_41' title='bbox 1353 615 1424 668; x_wconf 90' lang='lat' dir='ltr'><strong>qui</strong></span> <span class='ocrx_word' id='word_1_42' title='bbox 1463 611 1619 657; x_wconf 84' lang='lat' dir='ltr'><strong>multos</strong></span> <span class='ocrx_word' id='word_1_43' title='bbox 1659 626 1735 668; x_wconf 90' lang='lat' dir='ltr'><strong>per</strong></span> 
     </span>
     <span class='ocr_line' id='line_1_8' title="bbox 157 686 1734 744; baseline -0.002 -10"><span class='ocrx_word' id='word_1_44' title='bbox 157 704 293 738; x_wconf 86' lang='lat' dir='ltr'><strong>annos</strong></span> <span class='ocrx_word' id='word_1_45' title='bbox 322 690 361 731; x_wconf 92' lang='lat' dir='ltr'><strong>in</strong></span> <span class='ocrx_word' id='word_1_46' title='bbox 390 691 547 733; x_wconf 87' lang='lat' dir='ltr'><strong>castris</strong></span> <span class='ocrx_word' id='word_1_47' title='bbox 575 690 757 732; x_wconf 86' lang='lat' dir='ltr'><strong>vixisset</strong></span> <span class='ocrx_word' id='word_1_48' title='bbox 784 694 829 732; x_wconf 86' lang='lat' dir='ltr'><strong>et</strong></span> <span class='ocrx_word' id='word_1_49' title='bbox 856 690 897 734; x_wconf 88' lang='lat' dir='ltr'><strong>in</strong></span> <span class='ocrx_word' id='word_1_50' title='bbox 925 689 998 733; x_wconf 86' lang='lat' dir='ltr'><strong>illa</strong></span> <span class='ocrx_word' id='word_1_51' title='bbox 1027 691 1109 732; x_wconf 84' lang='lat' dir='ltr'><strong>sibi</strong></span> <span class='ocrx_word' id='word_1_52' title='bbox 1138 690 1435 744; x_wconf 75' lang='lat' dir='ltr'><strong>persuasisset</strong></span> <span class='ocrx_word' id='word_1_53' title='bbox 1465 690 1566 742; x_wconf 83' lang='lat' dir='ltr'><strong>vita,</strong></span> <span class='ocrx_word' id='word_1_54' title='bbox 1596 686 1734 731; x_wconf 75' lang='lat' dir='ltr'><strong>solum</strong></span> 
     </span>
    </p>
   </div>
   <div class='ocr_carea' id='block_1_4' title="bbox 88 765 1735 827">
    <p class='ocr_par' dir='ltr' id='par_1_5' title="bbox 88 765 1735 827">
     <span class='ocr_line' id='line_1_9' title="bbox 88 765 1735 827; baseline -0.001 -18"><span class='ocrx_word' id='word_1_55' title='bbox 88 784 89 787; x_wconf 43' lang='lat'>¹</span> <span class='ocrx_word' id='word_1_56' title='bbox 157 765 333 827; x_wconf 69' lang='lat' dir='ltr'><strong>militem</strong></span> <span class='ocrx_word' id='word_1_57' title='bbox 354 765 504 809; x_wconf 84' lang='lat' dir='ltr'><strong>fortem</strong></span> <span class='ocrx_word' id='word_1_58' title='bbox 531 778 603 808; x_wconf 88' lang='lat' dir='ltr'><strong>res</strong></span> <span class='ocrx_word' id='word_1_59' title='bbox 633 778 762 820; x_wconf 86' lang='lat' dir='ltr'><strong>agere</strong></span> <span class='ocrx_word' id='word_1_60' title='bbox 792 766 878 809; x_wconf 90' lang='lat' dir='ltr'><strong>viro</strong></span> <span class='ocrx_word' id='word_1_61' title='bbox 906 766 1015 807; x_wconf 84' lang='lat' dir='ltr'><strong>bono</strong></span> <span class='ocrx_word' id='word_1_62' title='bbox 1044 765 1216 820; x_wconf 83' lang='lat' dir='ltr'><strong>dignas,</strong></span> <span class='ocrx_word' id='word_1_63' title='bbox 1249 766 1377 808; x_wconf 89' lang='lat' dir='ltr'><strong>etiam</strong></span> <span class='ocrx_word' id='word_1_64' title='bbox 1404 766 1657 820; x_wconf 78' lang='lat' dir='ltr'><strong>contigisse,</strong></span> <span class='ocrx_word' id='word_1_65' title='bbox 1688 770 1735 807; x_wconf 89' lang='lat' dir='ltr'><strong>ut</strong></span> 
     </span>
    </p>
   </div>
   <div class='ocr_carea' id='block_1_5' title="bbox 157 840 1738 2861">
    <p class='ocr_par' dir='ltr' id='par_1_6' title="bbox 157 840 1738 2861">
     <span class='ocr_line' id='line_1_10' title="bbox 157 840 1733 896; baseline -0.004 -9"><span class='ocrx_word' id='word_1_66' title='bbox 157 842 612 893; x_wconf 79' lang='lat' dir='ltr'><strong>Lacedaemoniorum,</strong></span> <span class='ocrx_word' id='word_1_67' title='bbox 655 850 680 883; x_wconf 87' lang='lat' dir='ltr'><strong>e</strong></span> <span class='ocrx_word' id='word_1_68' title='bbox 712 842 866 895; x_wconf 85' lang='lat' dir='ltr'><strong>quibus</strong></span> <span class='ocrx_word' id='word_1_69' title='bbox 905 854 1056 895; x_wconf 81' lang='lat' dir='ltr'><strong>magna</strong></span> <span class='ocrx_word' id='word_1_70' title='bbox 1097 854 1197 896; x_wconf 85' lang='lat' dir='ltr'><strong>pars</strong></span> <span class='ocrx_word' id='word_1_71' title='bbox 1239 842 1451 884; x_wconf 86' lang='lat' dir='ltr'><strong>exercitus</strong></span> <span class='ocrx_word' id='word_1_72' title='bbox 1482 840 1594 896; x_wconf 86' lang='lat' dir='ltr'><strong>Cyro</strong></span> <span class='ocrx_word' id='word_1_73' title='bbox 1625 840 1733 882; x_wconf 83' lang='lat' dir='ltr'><strong>duce</strong></span> 
     </span>
     <span class='ocr_line' id='line_1_11' title="bbox 160 916 1732 972; baseline -0.002 -12"><span class='ocrx_word' id='word_1_74' title='bbox 160 923 305 964; x_wconf 84' lang='lat' dir='ltr'><strong>contra</strong></span> <span class='ocrx_word' id='word_1_75' title='bbox 331 918 613 961; x_wconf 81' lang='lat' dir='ltr'><strong>Artaxerxem</strong></span> <span class='ocrx_word' id='word_1_76' title='bbox 641 916 819 972; x_wconf 83' lang='lat' dir='ltr'><strong>profecti</strong></span> <span class='ocrx_word' id='word_1_77' title='bbox 847 921 1085 966; x_wconf 87' lang='lat' dir='ltr'><strong>constaret,</strong></span> <span class='ocrx_word' id='word_1_78' title='bbox 1118 916 1341 960; x_wconf 89' lang='lat' dir='ltr'><strong>commilito</strong></span> <span class='ocrx_word' id='word_1_79' title='bbox 1370 917 1491 960; x_wconf 85' lang='lat' dir='ltr'><strong>fieret</strong></span> <span class='ocrx_word' id='word_1_80' title='bbox 1518 921 1563 959; x_wconf 87' lang='lat' dir='ltr'><strong>et</strong></span> <span class='ocrx_word' id='word_1_81' title='bbox 1589 920 1732 958; x_wconf 86' lang='lat' dir='ltr'><strong>contu-</strong></span> 
     </span>
     <span class='ocr_line' id='line_1_12' title="bbox 157 991 1735 1048; baseline -0.001 -12"><span class='ocrx_word' id='word_1_82' title='bbox 157 992 345 1041; x_wconf 84' lang='lat' dir='ltr'><strong>bernalis</strong></span> <span class='ocrx_word' id='word_1_83' title='bbox 376 994 418 1035; x_wconf 89' lang='lat' dir='ltr'><strong>in</strong></span> <span class='ocrx_word' id='word_1_84' title='bbox 435 991 522 1040; x_wconf 74' lang='lat' dir='ltr'><strong>¹illa</strong></span> <span class='ocrx_word' id='word_1_85' title='bbox 553 992 844 1047; x_wconf 79' lang='lat' dir='ltr'><strong>expeditione3</strong></span> <span class='ocrx_word' id='word_1_86' title='bbox 875 993 914 1034; x_wconf 89' lang='lat' dir='ltr'><strong>si</strong></span> <span class='ocrx_word' id='word_1_87' title='bbox 946 993 1285 1043; x_wconf 83' lang='lat' dir='ltr'><strong>consideramus,</strong></span> <span class='ocrx_word' id='word_1_88' title='bbox 1318 1006 1413 1035; x_wconf 86' lang='lat' dir='ltr'><strong>eum</strong></span> <span class='ocrx_word' id='word_1_89' title='bbox 1445 997 1615 1048; x_wconf 81' lang='lat' dir='ltr'><strong>septem</strong></span> <span class='ocrx_word' id='word_1_90' title='bbox 1645 992 1735 1035; x_wconf 77' lang='lat' dir='ltr'><strong>fiere</strong></span> 
     </span>
     <span class='ocr_line' id='line_1_13' title="bbox 159 1068 1736 1123; baseline -0.001 -12"><span class='ocrx_word' id='word_1_91' title='bbox 159 1083 294 1112; x_wconf 84' lang='lat' dir='ltr'><strong>annos</strong></span> <span class='ocrx_word' id='word_1_92' title='bbox 336 1068 450 1123; x_wconf 86' lang='lat' dir='ltr'><strong>apud</strong></span> <span class='ocrx_word' id='word_1_93' title='bbox 488 1068 922 1111; x_wconf 86' lang='lat' dir='ltr'><strong>Lacedaemoniorum</strong></span> <span class='ocrx_word' id='word_1_94' title='bbox 953 1069 1180 1111; x_wconf 87' lang='lat' dir='ltr'><strong>exercitum</strong></span> <span class='ocrx_word' id='word_1_95' title='bbox 1220 1069 1259 1109; x_wconf 91' lang='lat' dir='ltr'><strong>in</strong></span> <span class='ocrx_word' id='word_1_96' title='bbox 1289 1069 1399 1111; x_wconf 87' lang='lat' dir='ltr'><strong>Asia</strong></span> <span class='ocrx_word' id='word_1_97' title='bbox 1438 1072 1736 1110; x_wconf 84' lang='lat' dir='ltr'><strong>commoratum</strong></span> 
     </span>
     <span class='ocr_line' id='line_1_14' title="bbox 160 1143 1735 1199; baseline -0.002 -11"><span class='ocrx_word' id='word_1_98' title='bbox 160 1157 287 1195; x_wconf 85' lang='lat' dir='ltr'><strong>esse,</strong></span> <span class='ocrx_word' id='word_1_99' title='bbox 320 1143 434 1199; x_wconf 89' lang='lat' dir='ltr'><strong>quod</strong></span> <span class='ocrx_word' id='word_1_100' title='bbox 462 1144 524 1188; x_wconf 87' lang='lat' dir='ltr'><strong>ita</strong></span> <span class='ocrx_word' id='word_1_101' title='bbox 555 1156 606 1185; x_wconf 89' lang='lat' dir='ltr'><strong>se</strong></span> <span class='ocrx_word' id='word_1_102' title='bbox 637 1143 843 1186; x_wconf 83' lang='lat' dir='ltr'><strong>habuisse</strong></span> <span class='ocrx_word' id='word_1_103' title='bbox 875 1145 915 1187; x_wconf 87' lang='lat' dir='ltr'><strong>si</strong></span> <span class='ocrx_word' id='word_1_104' title='bbox 944 1145 1081 1186; x_wconf 77' lang='lat' dir='ltr'><strong>minus</strong></span> <span class='ocrx_word' id='word_1_105' title='bbox 1112 1149 1292 1198; x_wconf 87' lang='lat' dir='ltr'><strong>certum,</strong></span> <span class='ocrx_word' id='word_1_106' title='bbox 1324 1149 1369 1187; x_wconf 87' lang='lat' dir='ltr'><strong>at</strong></span> <span class='ocrx_word' id='word_1_107' title='bbox 1394 1143 1620 1187; x_wconf 89' lang='lat' dir='ltr'><strong>verisimile</strong></span> <span class='ocrx_word' id='word_1_108' title='bbox 1651 1148 1735 1197; x_wconf 78' lang='lat' dir='ltr'><strong>est,</strong></span> 
     </span>
     <span class='ocr_line' id='line_1_15' title="bbox 159 1219 1734 1275; baseline 0 -13"><span class='ocrx_word' id='word_1_109' title='bbox 159 1221 303 1275; x_wconf 78' lang='lat' dir='ltr'><strong>ibique</strong></span> <span class='ocrx_word' id='word_1_110' title='bbox 343 1219 516 1275; x_wconf 88' lang='lat' dir='ltr'><strong>penitus</strong></span> <span class='ocrx_word' id='word_1_111' title='bbox 553 1219 857 1274; x_wconf 85' lang='lat' dir='ltr'><strong>perspexisse,</strong></span> <span class='ocrx_word' id='word_1_112' title='bbox 904 1219 1272 1263; x_wconf 80' lang='lat' dir='ltr'><strong>Lacedaemonios</strong></span> <span class='ocrx_word' id='word_1_113' title='bbox 1313 1234 1419 1263; x_wconf 91' lang='lat' dir='ltr'><strong>esse</strong></span> <span class='ocrx_word' id='word_1_114' title='bbox 1457 1221 1502 1263; x_wconf 87' lang='lat' dir='ltr'><strong>in</strong></span> <span class='ocrx_word' id='word_1_115' title='bbox 1543 1221 1734 1262; x_wconf 81' lang='lat' dir='ltr'><strong>omnibus</strong></span> 
     </span>
     <span class='ocr_line' id='line_1_16' title="bbox 159 1293 1735 1351; baseline -0.001 -13"><span class='ocrx_word' id='word_1_116' title='bbox 159 1297 289 1339; x_wconf 88' lang='lat' dir='ltr'><strong>rebus</strong></span> <span class='ocrx_word' id='word_1_117' title='bbox 311 1295 367 1341; x_wconf 89' lang='lat' dir='ltr'><strong>ad</strong></span> <span class='ocrx_word' id='word_1_118' title='bbox 389 1293 548 1341; x_wconf 85' lang='lat' dir='ltr'><strong>bellum</strong></span> <span class='ocrx_word' id='word_1_119' title='bbox 576 1294 886 1349; x_wconf 85' lang='lat' dir='ltr'><strong>pertinentibus</strong></span> <span class='ocrx_word' id='word_1_120' title='bbox 915 1297 1039 1351; x_wconf 84' lang='lat' dir='ltr'><strong>quasi</strong></span> <span class='ocrx_word' id='word_1_121' title='bbox 1068 1297 1248 1338; x_wconf 80' lang='lat' dir='ltr'><strong>artifices</strong></span> <span class='ocrx_word' id='word_1_122' title='bbox 1279 1299 1330 1349; x_wconf 84' lang='lat' dir='ltr'><strong>(r.</strong></span> <span class='ocrx_word' id='word_1_123' title='bbox 1352 1297 1404 1338; x_wconf 90' lang='lat' dir='ltr'><strong>L.</strong></span> <span class='ocrx_word' id='word_1_124' title='bbox 1429 1295 1497 1346; x_wconf 79' lang='lat'><strong>14,</strong></span> <span class='ocrx_word' id='word_1_125' title='bbox 1519 1295 1566 1349; x_wconf 87' lang='lat'><strong>5)</strong></span> <span class='ocrx_word' id='word_1_126' title='bbox 1595 1309 1735 1350; x_wconf 88' lang='lat' dir='ltr'><strong>neque</strong></span> 
     </span>
     <span class='ocr_line' id='line_1_17' title="bbox 162 1368 1734 1427; baseline -0.001 -12"><span class='ocrx_word' id='word_1_127' title='bbox 162 1373 385 1427; x_wconf 76' lang='lat' dir='ltr'><strong>quicquam</strong></span> <span class='ocrx_word' id='word_1_128' title='bbox 410 1383 547 1412; x_wconf 85' lang='lat' dir='ltr'><strong>rerum</strong></span> <span class='ocrx_word' id='word_1_129' title='bbox 573 1368 818 1413; x_wconf 81' lang='lat' dir='ltr'><strong>bellicarum</strong></span> <span class='ocrx_word' id='word_1_130' title='bbox 845 1372 899 1413; x_wconf 85' lang='lat' dir='ltr'><strong>ab</strong></span> <span class='ocrx_word' id='word_1_131' title='bbox 929 1372 982 1413; x_wconf 87' lang='lat' dir='ltr'><strong>iis</strong></span> <span class='ocrx_word' id='word_1_132' title='bbox 1014 1384 1119 1414; x_wconf 85' lang='lat' dir='ltr'><strong>esse</strong></span> <span class='ocrx_word' id='word_1_133' title='bbox 1137 1370 1389 1425; x_wconf 81' lang='lat' dir='ltr'><strong>neglectum</strong></span> <span class='ocrx_word' id='word_1_134' title='bbox 1418 1374 1467 1424; x_wconf 92' lang='lat' dir='ltr'><strong>(r.</strong></span> <span class='ocrx_word' id='word_1_135' title='bbox 1490 1372 1543 1414; x_wconf 91' lang='lat' dir='ltr'><strong>L.</strong></span> <span class='ocrx_word' id='word_1_136' title='bbox 1579 1371 1645 1422; x_wconf 72' lang='lat'><strong>12,</strong></span> <span class='ocrx_word' id='word_1_137' title='bbox 1673 1370 1734 1423; x_wconf 89' lang='grc'><strong>7),</strong></span> 
     </span>
     <span class='ocr_line' id='line_1_18' title="bbox 159 1444 1736 1502; baseline 0.001 -15"><span class='ocrx_word' id='word_1_138' title='bbox 159 1448 305 1493; x_wconf 86' lang='lat' dir='ltr'><strong>mirum</strong></span> <span class='ocrx_word' id='word_1_139' title='bbox 341 1459 446 1489; x_wconf 89' lang='lat' dir='ltr'><strong>esse</strong></span> <span class='ocrx_word' id='word_1_140' title='bbox 484 1444 661 1498; x_wconf 84' lang='lat' dir='ltr'><strong>desinit,</strong></span> <span class='ocrx_word' id='word_1_141' title='bbox 712 1446 825 1500; x_wconf 88' lang='lat' dir='ltr'><strong>quod</strong></span> <span class='ocrx_word' id='word_1_142' title='bbox 860 1446 1291 1489; x_wconf 82' lang='lat' dir='ltr'><strong>Lacedaemoniorum</strong></span> <span class='ocrx_word' id='word_1_143' title='bbox 1329 1448 1557 1502; x_wconf 88' lang='lat' dir='ltr'><strong>praecipuo</strong></span> <span class='ocrx_word' id='word_1_144' title='bbox 1594 1460 1736 1490; x_wconf 81' lang='lat' dir='ltr'><strong>amore</strong></span> 
     </span>
     <span class='ocr_line' id='line_1_19' title="bbox 161 1508 1736 1580; baseline -0.002 -12"><span class='ocrx_word' id='word_1_145' title='bbox 161 1528 330 1580; x_wconf 84' lang='lat' dir='ltr'><strong>captum</strong></span> <span class='ocrx_word' id='word_1_146' title='bbox 361 1531 466 1565; x_wconf 86' lang='lat' dir='ltr'><strong>esse</strong></span> <span class='ocrx_word' id='word_1_147' title='bbox 497 1508 768 1576; x_wconf 86' lang='lat' dir='ltr'><strong>intelligimus</strong></span> <span class='ocrx_word' id='word_1_148' title='bbox 800 1536 917 1573; x_wconf 92' lang='lat' dir='ltr'><strong>eum,</strong></span> <span class='ocrx_word' id='word_1_149' title='bbox 957 1524 1028 1577; x_wconf 87' lang='lat' dir='ltr'><strong>qui</strong></span> <span class='ocrx_word' id='word_1_150' title='bbox 1057 1523 1251 1565; x_wconf 85' lang='lat' dir='ltr'><strong>Socratis</strong></span> <span class='ocrx_word' id='word_1_151' title='bbox 1282 1521 1510 1578; x_wconf 83' lang='lat' dir='ltr'><strong>disciplina</strong></span> <span class='ocrx_word' id='word_1_152' title='bbox 1546 1523 1736 1566; x_wconf 88' lang='lat' dir='ltr'><strong>eruditus</strong></span> 
     </span>
     <span class='ocr_line' id='line_1_20' title="bbox 164 1594 1734 1655; baseline -0.002 -11"><span class='ocrx_word' id='word_1_153' title='bbox 164 1615 190 1644; x_wconf 86' lang='lat' dir='ltr'><strong>a</strong></span> <span class='ocrx_word' id='word_1_154' title='bbox 217 1600 443 1654; x_wconf 84' lang='lat' dir='ltr'><strong>magistro,</strong></span> <span class='ocrx_word' id='word_1_155' title='bbox 475 1599 599 1655; x_wconf 82' lang='lat' dir='ltr'><strong>cujus</strong></span> <span class='ocrx_word' id='word_1_156' title='bbox 620 1596 820 1653; x_wconf 85' lang='lat' dir='ltr'><strong>religiose</strong></span> <span class='ocrx_word' id='word_1_157' title='bbox 839 1594 997 1654; x_wconf 80' lang='lat' dir='ltr'><strong>ubique</strong></span> <span class='ocrx_word' id='word_1_158' title='bbox 1025 1600 1186 1655; x_wconf 86' lang='lat' dir='ltr'><strong>pressit</strong></span> <span class='ocrx_word' id='word_1_159' title='bbox 1213 1600 1416 1654; x_wconf 86' lang='lat' dir='ltr'><strong>vestigia,</strong></span> <span class='ocrx_word' id='word_1_160' title='bbox 1447 1598 1734 1642; x_wconf 86' lang='lat' dir='ltr'><strong>Lacedaemo-</strong></span> 
     </span>
     <span class='ocr_line' id='line_1_21' title="bbox 161 1672 1736 1720; baseline -0.001 -2"><span class='ocrx_word' id='word_1_161' title='bbox 161 1677 256 1719; x_wconf 88' lang='lat' dir='ltr'><strong>nios</strong></span> <span class='ocrx_word' id='word_1_162' title='bbox 277 1675 452 1720; x_wconf 87' lang='lat' dir='ltr'><strong>summis</strong></span> <span class='ocrx_word' id='word_1_163' title='bbox 473 1673 671 1717; x_wconf 82' lang='lat' dir='ltr'><strong>laudibus</strong></span> <span class='ocrx_word' id='word_1_164' title='bbox 700 1672 839 1717; x_wconf 88' lang='lat' dir='ltr'><strong>elatos</strong></span> <span class='ocrx_word' id='word_1_165' title='bbox 869 1688 973 1716; x_wconf 89' lang='lat' dir='ltr'><strong>esse</strong></span> <span class='ocrx_word' id='word_1_166' title='bbox 1001 1676 1276 1718; x_wconf 85' lang='lat' dir='ltr'><strong>meminisset.</strong></span> <span class='ocrx_word' id='word_1_167' title='bbox 1337 1675 1517 1717; x_wconf 86' lang='lat' dir='ltr'><strong>Accedit</strong></span> <span class='ocrx_word' id='word_1_168' title='bbox 1545 1676 1654 1717; x_wconf 88' lang='lat' dir='ltr'><strong>enim</strong></span> <span class='ocrx_word' id='word_1_169' title='bbox 1681 1675 1736 1717; x_wconf 88' lang='lat' dir='ltr'><strong>ad</strong></span> 
     </span>
     <span class='ocr_line' id='line_1_22' title="bbox 161 1748 1734 1806; baseline -0.001 -12"><span class='ocrx_word' id='word_1_170' title='bbox 161 1753 294 1804; x_wconf 81' lang='lat' dir='ltr'><strong>haec,</strong></span> <span class='ocrx_word' id='word_1_171' title='bbox 332 1751 447 1805; x_wconf 86' lang='lat' dir='ltr'><strong>quod</strong></span> <span class='ocrx_word' id='word_1_172' title='bbox 474 1752 516 1792; x_wconf 91' lang='lat' dir='ltr'><strong>in</strong></span> <span class='ocrx_word' id='word_1_173' title='bbox 548 1751 731 1794; x_wconf 86' lang='lat' dir='ltr'><strong>intimam</strong></span> <span class='ocrx_word' id='word_1_174' title='bbox 759 1748 955 1804; x_wconf 87' lang='lat' dir='ltr'><strong>Agesilai</strong></span> <span class='ocrx_word' id='word_1_175' title='bbox 985 1750 1417 1793; x_wconf 84' lang='lat' dir='ltr'><strong>Lacedaemoniorum</strong></span> <span class='ocrx_word' id='word_1_176' title='bbox 1444 1751 1558 1805; x_wconf 86' lang='lat' dir='ltr'><strong>regis</strong></span> <span class='ocrx_word' id='word_1_177' title='bbox 1585 1764 1734 1806; x_wconf 84' lang='lat' dir='ltr'><strong>perve-</strong></span> 
     </span>
     <span class='ocr_line' id='line_1_23' title="bbox 162 1824 1734 1881; baseline -0.002 -11"><span class='ocrx_word' id='word_1_178' title='bbox 162 1827 547 1878; x_wconf 81' lang='lat' dir='ltr'><strong>neratamicitiam,</strong></span> <span class='ocrx_word' id='word_1_179' title='bbox 578 1839 703 1880; x_wconf 89' lang='lat' dir='ltr'><strong>quem</strong></span> <span class='ocrx_word' id='word_1_180' title='bbox 725 1839 850 1867; x_wconf 88' lang='lat' dir='ltr'><strong>unum</strong></span> <span class='ocrx_word' id='word_1_181' title='bbox 878 1830 1048 1881; x_wconf 89' lang='lat' dir='ltr'><strong>praeter</strong></span> <span class='ocrx_word' id='word_1_182' title='bbox 1070 1827 1294 1870; x_wconf 85' lang='lat' dir='ltr'><strong>Socratem</strong></span> <span class='ocrx_word' id='word_1_183' title='bbox 1324 1827 1515 1868; x_wconf 86' lang='lat' dir='ltr'><strong>omnibu-s</strong></span> <span class='ocrx_word' id='word_1_184' title='bbox 1543 1824 1627 1869; x_wconf 90' lang='lat' dir='ltr'><strong>illis</strong></span> <span class='ocrx_word' id='word_1_185' title='bbox 1655 1827 1734 1868; x_wconf 92' lang='lat' dir='ltr'><strong>vir-</strong></span> 
     </span>
     <span class='ocr_line' id='line_1_24' title="bbox 163 1902 1738 1960; baseline -0.002 -13"><span class='ocrx_word' id='word_1_186' title='bbox 163 1904 348 1954; x_wconf 89' lang='lat' dir='ltr'><strong>tutibus,</strong></span> <span class='ocrx_word' id='word_1_187' title='bbox 396 1916 505 1960; x_wconf 87' lang='lat' dir='ltr'><strong>quas</strong></span> <span class='ocrx_word' id='word_1_188' title='bbox 544 1902 748 1943; x_wconf 86' lang='lat' dir='ltr'><strong>maximas</strong></span> <span class='ocrx_word' id='word_1_189' title='bbox 788 1915 892 1944; x_wconf 89' lang='lat' dir='ltr'><strong>esse</strong></span> <span class='ocrx_word' id='word_1_190' title='bbox 943 1917 969 1944; x_wconf 84' lang='lat' dir='ltr'><strong>a</strong></span> <span class='ocrx_word' id='word_1_191' title='bbox 1001 1903 1180 1944; x_wconf 84' lang='lat' dir='ltr'><strong>Socrate</strong></span> <span class='ocrx_word' id='word_1_192' title='bbox 1221 1903 1374 1945; x_wconf 86' lang='lat' dir='ltr'><strong>doctus</strong></span> <span class='ocrx_word' id='word_1_193' title='bbox 1398 1907 1509 1952; x_wconf 87' lang='lat' dir='ltr'><strong>erat,</strong></span> <span class='ocrx_word' id='word_1_194' title='bbox 1548 1907 1738 1945; x_wconf 88' lang='lat' dir='ltr'><strong>ornatum</strong></span> 
     </span>
     <span class='ocr_line' id='line_1_25' title="bbox 165 1975 1736 2033; baseline 0 -13"><span class='ocrx_word' id='word_1_195' title='bbox 165 1991 339 2023; x_wconf 86' lang='lat' dir='ltr'><strong>cernere</strong></span> <span class='ocrx_word' id='word_1_196' title='bbox 361 1977 444 2021; x_wconf 86' lang='lat' dir='ltr'><strong>sibi</strong></span> <span class='ocrx_word' id='word_1_197' title='bbox 464 1976 699 2026; x_wconf 89' lang='lat' dir='ltr'><strong>videbatur,</strong></span> <span class='ocrx_word' id='word_1_198' title='bbox 732 1982 777 2019; x_wconf 91' lang='lat' dir='ltr'><strong>et</strong></span> <span class='ocrx_word' id='word_1_199' title='bbox 797 1975 867 2018; x_wconf 92' lang='lat' dir='ltr'><strong>illo</strong></span> <span class='ocrx_word' id='word_1_200' title='bbox 889 1977 1183 2020; x_wconf 83' lang='lat' dir='ltr'><strong>familiaritatis</strong></span> <span class='ocrx_word' id='word_1_201' title='bbox 1205 1977 1368 2020; x_wconf 84' lang='lat' dir='ltr'><strong>vinculo</strong></span> <span class='ocrx_word' id='word_1_202' title='bbox 1393 1991 1487 2020; x_wconf 92' lang='lat' dir='ltr'><strong>eum</strong></span> <span class='ocrx_word' id='word_1_203' title='bbox 1508 1991 1599 2019; x_wconf 88' lang='lat' dir='ltr'><strong>cum</strong></span> <span class='ocrx_word' id='word_1_204' title='bbox 1621 1979 1736 2033; x_wconf 89' lang='lat' dir='ltr'><strong>Age-</strong></span> 
     </span>
     <span class='ocr_line' id='line_1_26' title="bbox 163 2052 1736 2108; baseline 0.001 -13"><span class='ocrx_word' id='word_1_205' title='bbox 163 2053 274 2096; x_wconf 90' lang='lat' dir='ltr'><strong>silao</strong></span> <span class='ocrx_word' id='word_1_206' title='bbox 327 2054 590 2108; x_wconf 86' lang='lat' dir='ltr'><strong>conjunctum</strong></span> <span class='ocrx_word' id='word_1_207' title='bbox 641 2053 777 2095; x_wconf 88' lang='lat' dir='ltr'><strong>suisse</strong></span> <span class='ocrx_word' id='word_1_208' title='bbox 831 2066 969 2107; x_wconf 91' lang='lat' dir='ltr'><strong>usque</strong></span> <span class='ocrx_word' id='word_1_209' title='bbox 1010 2053 1065 2094; x_wconf 90' lang='lat' dir='ltr'><strong>ad</strong></span> <span class='ocrx_word' id='word_1_210' title='bbox 1108 2052 1298 2107; x_wconf 81' lang='lat' dir='ltr'><strong>Agesilai</strong></span> <span class='ocrx_word' id='word_1_211' title='bbox 1338 2059 1512 2096; x_wconf 80' lang='lat' dir='ltr'><strong>mortem</strong></span> <span class='ocrx_word' id='word_1_212' title='bbox 1553 2058 1736 2096; x_wconf 89' lang='lat' dir='ltr'><strong>testatur</strong></span> 
     </span>
     <span class='ocr_line' id='line_1_27' title="bbox 162 2127 1737 2183; baseline 0.001 -13"><span class='ocrx_word' id='word_1_213' title='bbox 162 2127 334 2171; x_wconf 83' lang='lat' dir='ltr'><strong>libellus</strong></span> <span class='ocrx_word' id='word_1_214' title='bbox 365 2127 457 2178; x_wconf 89' lang='lat' dir='ltr'><strong>ille,</strong></span> <span class='ocrx_word' id='word_1_215' title='bbox 498 2129 568 2183; x_wconf 89' lang='lat' dir='ltr'><strong>qui</strong></span> <span class='ocrx_word' id='word_1_216' title='bbox 599 2128 792 2183; x_wconf 86' lang='lat' dir='ltr'><strong>Agesilai</strong></span> <span class='ocrx_word' id='word_1_217' title='bbox 824 2128 1054 2171; x_wconf 85' lang='lat' dir='ltr'><strong>encomium</strong></span> <span class='ocrx_word' id='word_1_218' title='bbox 1086 2129 1341 2179; x_wconf 86' lang='lat' dir='ltr'><strong>inscribitur,</strong></span> <span class='ocrx_word' id='word_1_219' title='bbox 1388 2142 1513 2183; x_wconf 84' lang='lat' dir='ltr'><strong>quem</strong></span> <span class='ocrx_word' id='word_1_220' title='bbox 1542 2143 1567 2170; x_wconf 89' lang='lat' dir='ltr'><strong>a</strong></span> <span class='ocrx_word' id='word_1_221' title='bbox 1598 2128 1737 2171; x_wconf 91' lang='lat' dir='ltr'><strong>Xeno-</strong></span> 
     </span>
     <span class='ocr_line' id='line_1_28' title="bbox 162 2203 1738 2259; baseline 0.001 -13"><span class='ocrx_word' id='word_1_222' title='bbox 162 2205 322 2259; x_wconf 85' lang='lat' dir='ltr'><strong>phonte</strong></span> <span class='ocrx_word' id='word_1_223' title='bbox 350 2205 496 2247; x_wconf 83' lang='lat' dir='ltr'><strong>statim</strong></span> <span class='ocrx_word' id='word_1_224' title='bbox 529 2210 629 2259; x_wconf 88' lang='lat' dir='ltr'><strong>post</strong></span> <span class='ocrx_word' id='word_1_225' title='bbox 656 2203 850 2259; x_wconf 87' lang='lat' dir='ltr'><strong>Agesilai</strong></span> <span class='ocrx_word' id='word_1_226' title='bbox 880 2209 1077 2254; x_wconf 86' lang='lat' dir='ltr'><strong>mortem,</strong></span> <span class='ocrx_word' id='word_1_227' title='bbox 1109 2203 1177 2246; x_wconf 88' lang='lat' dir='ltr'><strong>Ol.</strong></span> <span class='ocrx_word' id='word_1_228' title='bbox 1204 2203 1301 2253; x_wconf 84' lang='lat'><strong>105,</strong></span> <span class='ocrx_word' id='word_1_229' title='bbox 1327 2204 1364 2253; x_wconf 85' lang='lat'><strong>1,</strong></span> <span class='ocrx_word' id='word_1_230' title='bbox 1397 2206 1436 2246; x_wconf 89' lang='lat' dir='ltr'><strong>in</strong></span> <span class='ocrx_word' id='word_1_231' title='bbox 1466 2204 1601 2247; x_wconf 83' lang='lat' dir='ltr'><strong>lucem</strong></span> <span class='ocrx_word' id='word_1_232' title='bbox 1634 2218 1738 2248; x_wconf 87' lang='lat' dir='ltr'><strong>esse</strong></span> 
     </span>
     <span class='ocr_line' id='line_1_29' title="bbox 165 2280 1735 2336; baseline 0.001 -13"><span class='ocrx_word' id='word_1_233' title='bbox 165 2281 324 2325; x_wconf 82' lang='lat' dir='ltr'><strong>editum</strong></span> <span class='ocrx_word' id='word_1_234' title='bbox 363 2280 569 2324; x_wconf 86' lang='lat' dir='ltr'><strong>affirmant</strong></span> <span class='ocrx_word' id='word_1_235' title='bbox 608 2281 684 2322; x_wconf 87' lang='lat' dir='ltr'><strong>viri</strong></span> <span class='ocrx_word' id='word_1_236' title='bbox 726 2280 838 2323; x_wconf 89' lang='lat' dir='ltr'><strong>docti</strong></span> <span class='ocrx_word' id='word_1_237' title='bbox 879 2280 948 2334; x_wconf 85' lang='lat' dir='ltr'><strong>(cf.</strong></span> <span class='ocrx_word' id='word_1_238' title='bbox 981 2280 1175 2323; x_wconf 78' lang='lat' dir='ltr'><strong>Helland.</strong></span> <span class='ocrx_word' id='word_1_239' title='bbox 1208 2280 1339 2336; x_wconf 84' lang='lat' dir='ltr'><strong>praef.</strong></span> <span class='ocrx_word' id='word_1_240' title='bbox 1372 2280 1428 2323; x_wconf 89' lang='lat' dir='ltr'><strong>ad</strong></span> <span class='ocrx_word' id='word_1_241' title='bbox 1458 2280 1568 2324; x_wconf 89' lang='lat' dir='ltr'><strong>Xen.</strong></span> <span class='ocrx_word' id='word_1_242' title='bbox 1600 2281 1735 2336; x_wconf 83' lang='lat' dir='ltr'><strong>Ages.</strong></span> 
     </span>
     <span class='ocr_line' id='line_1_30' title="bbox 164 2354 1737 2412; baseline -0.001 -12"><span class='ocrx_word' id='word_1_243' title='bbox 164 2370 205 2411; x_wconf 87' lang='lat' dir='ltr'><strong>p.</strong></span> <span class='ocrx_word' id='word_1_244' title='bbox 226 2354 326 2400; x_wconf 75' lang='lat'><strong>143.</strong></span> <span class='ocrx_word' id='word_1_245' title='bbox 356 2355 654 2400; x_wconf 84' lang='lat' dir='ltr'><strong>Breitenbach.</strong></span> <span class='ocrx_word' id='word_1_246' title='bbox 676 2370 812 2411; x_wconf 86' lang='lat' dir='ltr'><strong>progr.</strong></span> <span class='ocrx_word' id='word_1_247' title='bbox 833 2369 973 2412; x_wconf 85' lang='lat' dir='ltr'><strong>gymn.</strong></span> <span class='ocrx_word' id='word_1_248' title='bbox 996 2355 1129 2399; x_wconf 87' lang='lat' dir='ltr'><strong>Silus.</strong></span> <span class='ocrx_word' id='word_1_249' title='bbox 1160 2370 1200 2411; x_wconf 87' lang='lat' dir='ltr'><strong>p.</strong></span> <span class='ocrx_word' id='word_1_250' title='bbox 1220 2356 1262 2399; x_wconf 70' lang='lat'><strong>2.</strong></span> <span class='ocrx_word' id='word_1_251' title='bbox 1297 2355 1441 2410; x_wconf 74' lang='lat'>1842).</span> <span class='ocrx_word' id='word_1_252' title='bbox 1483 2356 1578 2400; x_wconf 84' lang='lat' dir='ltr'><strong>Etsi</strong></span> <span class='ocrx_word' id='word_1_253' title='bbox 1600 2356 1737 2411; x_wconf 81' lang='lat' dir='ltr'><strong>igitur,</strong></span> 
     </span>
     <span class='ocr_line' id='line_1_31' title="bbox 165 2429 1738 2485; baseline 0.001 -14"><span class='ocrx_word' id='word_1_254' title='bbox 165 2443 259 2471; x_wconf 92' lang='lat' dir='ltr'><strong>cum</strong></span> <span class='ocrx_word' id='word_1_255' title='bbox 281 2431 377 2484; x_wconf 88' lang='lat' dir='ltr'><strong>ejus</strong></span> <span class='ocrx_word' id='word_1_256' title='bbox 398 2429 655 2474; x_wconf 79' lang='lat' dir='ltr'><strong>laudationis</strong></span> <span class='ocrx_word' id='word_1_257' title='bbox 677 2432 786 2473; x_wconf 86' lang='lat' dir='ltr'><strong>hanc</strong></span> <span class='ocrx_word' id='word_1_258' title='bbox 807 2433 1000 2485; x_wconf 85' lang='lat' dir='ltr'><strong>posuerit</strong></span> <span class='ocrx_word' id='word_1_259' title='bbox 1018 2444 1222 2473; x_wconf 86' lang='lat' dir='ltr'><strong>summam</strong></span> <span class='ocrx_word' id='word_1_260' title='bbox 1243 2431 1395 2485; x_wconf 77' lang='lat' dir='ltr'><strong>(Ages.</strong></span> <span class='ocrx_word' id='word_1_261' title='bbox 1422 2430 1490 2480; x_wconf 81' lang='lat'><strong>10,</strong></span> <span class='ocrx_word' id='word_1_262' title='bbox 1518 2431 1581 2484; x_wconf 85' lang='lat' dir='ltr'><strong>l),</strong></span> <span class='ocrx_word' id='word_1_263' title='bbox 1602 2431 1738 2473; x_wconf 84' lang='lat' dir='ltr'><strong>fuisse</strong></span> 
     </span>
     <span class='ocr_line' id='line_1_32' title="bbox 162 2501 1734 2562; baseline 0.002 -16"><span class='ocrx_word' id='word_1_264' title='bbox 162 2503 414 2559; x_wconf 87' lang='lat' dir='ltr'><strong>Agesilaum</strong></span> <span class='ocrx_word' id='word_1_265' title='bbox 435 2501 577 2562; x_wconf 76' lang='grc' dir='ltr'><strong><em>ἄνδρα</em></strong></span> <span class='ocrx_word' id='word_1_266' title='bbox 596 2504 821 2556; x_wconf 67' lang='grc' dir='ltr'><strong><em>παντελῶς</em></strong></span> <span class='ocrx_word' id='word_1_267' title='bbox 840 2501 1039 2562; x_wconf 67' lang='grc' dir='ltr'><strong>ἀγαθὸν,</strong></span> <span class='ocrx_word' id='word_1_268' title='bbox 1071 2505 1184 2548; x_wconf 86' lang='lat' dir='ltr'><strong>illius</strong></span> <span class='ocrx_word' id='word_1_269' title='bbox 1205 2504 1333 2548; x_wconf 85' lang='lat' dir='ltr'><strong>libelli</strong></span> <span class='ocrx_word' id='word_1_270' title='bbox 1356 2520 1437 2548; x_wconf 88' lang='lat' dir='ltr'><strong>non</strong></span> <span class='ocrx_word' id='word_1_271' title='bbox 1456 2519 1608 2560; x_wconf 83' lang='lat' dir='ltr'><strong>magna</strong></span> <span class='ocrx_word' id='word_1_272' title='bbox 1629 2519 1734 2549; x_wconf 87' lang='lat' dir='ltr'><strong>esse</strong></span> 
     </span>
     <span class='ocr_line' id='line_1_33' title="bbox 164 2579 1736 2637; baseline 0.002 -16"><span class='ocrx_word' id='word_1_273' title='bbox 164 2580 332 2622; x_wconf 88' lang='lat' dir='ltr'><strong>videtur</strong></span> <span class='ocrx_word' id='word_1_274' title='bbox 372 2579 480 2620; x_wconf 85' lang='lat' dir='ltr'><strong>fides</strong></span> <span class='ocrx_word' id='word_1_275' title='bbox 519 2579 717 2629; x_wconf 88' lang='lat' dir='ltr'><strong>historia,</strong></span> <span class='ocrx_word' id='word_1_276' title='bbox 769 2594 821 2622; x_wconf 89' lang='lat' dir='ltr'><strong>eo</strong></span> <span class='ocrx_word' id='word_1_277' title='bbox 861 2582 994 2637; x_wconf 87' lang='lat' dir='ltr'><strong>major</strong></span> <span class='ocrx_word' id='word_1_278' title='bbox 1034 2586 1150 2623; x_wconf 81' lang='lat' dir='ltr'><strong>certe</strong></span> <span class='ocrx_word' id='word_1_279' title='bbox 1200 2581 1427 2636; x_wconf 85' lang='lat' dir='ltr'><strong>conspicua</strong></span> <span class='ocrx_word' id='word_1_280' title='bbox 1466 2581 1512 2623; x_wconf 83' lang='lat' dir='ltr'><strong>fit</strong></span> <span class='ocrx_word' id='word_1_281' title='bbox 1551 2582 1736 2624; x_wconf 84' lang='lat' dir='ltr'><strong>auctoris</strong></span> 
     </span>
     <span class='ocr_line' id='line_1_34' title="bbox 165 2653 1735 2711; baseline 0.001 -14"><span class='ocrx_word' id='word_1_282' title='bbox 165 2655 351 2698; x_wconf 87' lang='lat' dir='ltr'><strong>amicitia</strong></span> <span class='ocrx_word' id='word_1_283' title='bbox 379 2655 558 2708; x_wconf 81' lang='lat' dir='ltr'><strong>etgrati</strong></span> <span class='ocrx_word' id='word_1_284' title='bbox 589 2656 712 2697; x_wconf 90' lang='lat' dir='ltr'><strong>animi</strong></span> <span class='ocrx_word' id='word_1_285' title='bbox 744 2669 845 2710; x_wconf 88' lang='lat' dir='ltr'><strong>erga</strong></span> <span class='ocrx_word' id='word_1_286' title='bbox 874 2653 1129 2711; x_wconf 85' lang='lat' dir='ltr'><strong>Agesilaum</strong></span> <span class='ocrx_word' id='word_1_287' title='bbox 1165 2657 1306 2711; x_wconf 85' lang='lat' dir='ltr'><strong>pietas</strong></span> <span class='ocrx_word' id='word_1_288' title='bbox 1346 2656 1566 2709; x_wconf 84' lang='lat' dir='ltr'><strong>(Schneid.</strong></span> <span class='ocrx_word' id='word_1_289' title='bbox 1594 2656 1735 2699; x_wconf 81' lang='lat' dir='ltr'><strong>deser.</strong></span> 
     </span>
     <span class='ocr_line' id='line_1_35' title="bbox 165 2728 1737 2788; baseline 0 -16"><span class='ocrx_word' id='word_1_290' title='bbox 165 2743 323 2773; x_wconf 90' lang='lat' dir='ltr'><strong>encom.</strong></span> <span class='ocrx_word' id='word_1_291' title='bbox 352 2730 487 2785; x_wconf 88' lang='lat' dir='ltr'><strong>Ages.</strong></span> <span class='ocrx_word' id='word_1_292' title='bbox 509 2744 549 2785; x_wconf 91' lang='lat' dir='ltr'><strong>p.</strong></span> <span class='ocrx_word' id='word_1_293' title='bbox 570 2728 685 2784; x_wconf 72' lang='lat'>26⁸7).</span> <span class='ocrx_word' id='word_1_294' title='bbox 748 2730 925 2781; x_wconf 84' lang='lat' dir='ltr'><strong>Qamvis</strong></span> <span class='ocrx_word' id='word_1_295' title='bbox 948 2732 1038 2788; x_wconf 86' lang='lat' dir='ltr'><strong>jam</strong></span> <span class='ocrx_word' id='word_1_296' title='bbox 1066 2730 1172 2781; x_wconf 89' lang='lat' dir='ltr'><strong>illis,</strong></span> <span class='ocrx_word' id='word_1_297' title='bbox 1204 2744 1315 2786; x_wconf 85' lang='lat' dir='ltr'><strong>quae</strong></span> <span class='ocrx_word' id='word_1_298' title='bbox 1341 2731 1465 2774; x_wconf 88' lang='lat' dir='ltr'><strong>modo</strong></span> <span class='ocrx_word' id='word_1_299' title='bbox 1492 2743 1737 2774; x_wconf 75' lang='lat' dir='ltr'><strong>conmemo-</strong></span> 
     </span>
     <span class='ocr_line' id='line_1_36' title="bbox 162 2805 1734 2861; baseline 0 -16"><span class='ocrx_word' id='word_1_300' title='bbox 162 2806 270 2854; x_wconf 86' lang='lat' dir='ltr'><strong>ravi,</strong></span> <span class='ocrx_word' id='word_1_301' title='bbox 318 2805 557 2849; x_wconf 85' lang='lat' dir='ltr'><strong>declaretur</strong></span> <span class='ocrx_word' id='word_1_302' title='bbox 598 2818 729 2848; x_wconf 80' lang='lat' dir='ltr'><strong>causa</strong></span> <span class='ocrx_word' id='word_1_303' title='bbox 768 2806 897 2849; x_wconf 84' lang='lat' dir='ltr'><strong>studii</strong></span> <span class='ocrx_word' id='word_1_304' title='bbox 927 2806 1227 2861; x_wconf 81' lang='lat' dir='ltr'><strong>Xenophontis</strong></span> <span class='ocrx_word' id='word_1_305' title='bbox 1266 2807 1305 2848; x_wconf 86' lang='lat' dir='ltr'><strong>in</strong></span> <span class='ocrx_word' id='word_1_306' title='bbox 1346 2805 1734 2853; x_wconf 83' lang='lat' dir='ltr'><strong>Lacedaemonios,</strong></span> 
     </span>
    </p>
   </div>
  </div>
 </body>
</html>
