1860 3064
787 153 1062 226 —Q-

141 285 288 345 ‘omnes
307 301 486 344 virorum
505 301 721 344 doctorum
742 300 1030 358 detempore,
1062 315 1144 356 quo
1166 301 1404 358 Xenophon
1425 305 1614 344 mortuus
1637 301 1708 354 sit,

140 377 378 419 sententias
414 382 610 431 repetere
649 377 722 429 (cf.
752 377 883 431 Kriig.
922 391 962 431 p.
992 375 1062 422 30.
1093 376 1118 422 l.
1151 377 1219 431 l.);
1271 378 1468 432 equidem
1498 378 1710 419 assentior

141 449 328 507 spillero
354 450 407 504 (Ι.
436 450 646 507 [lt-15)
674 451 998 508 Xenophontem
1025 452 1091 498 01.
1124 452 1228 503 1⁰6,
1259 451 1291 496 3
1325 454 1487 496 obiisse
1515 454 1708 509 probanti

139 527 214 582 (cf.-
243 527 404 572 Baffih.
436 527 491 570 de
522 526 755 579 simultate,
798 542 909 584 quae
940 527 1108 572 Platoni
1139 543 1232 571 cum
1261 529 1371 574 Xen.
1403 531 1707 572 intercessisse

140 603 281 649 fertur.
322 602 435 648 Berl.
460 602 583 649 18¹1.
615 620 656 660 p.
675 603 745 651 2¹7.
778 613 869 650 ami.
890 604 952 658 3).

257 680 376 723 Duas
402 694 496 722 eum
524 681 700 724 duxisse
729 695 884 723 uxores
904 682 1026 723 nobis
1054 681 1251 724 traditum
1271 686 1360 730 est,
1393 694 1566 736 quarum
1588 680 1709 724 alteri

144 756 315 799 Sotirae
334 762 482 799 nomen
504 762 616 807 erat3
647 770 701 799 ex
720 756 868 807 altera,
890 755 1095 810 Philesia‚
1117 771 1240 811 quam
1261 755 1500 812 Xenophon
1523 758 1709 800 fortasse

142 845 197 874 ex
217 832 326 874 Asia
345 832 644 885 secumduxit,
664 833 774 874 duos
794 833 940 889 genuit
960 831 1091 886 filios,
1113 847 1220 888 quos
1238 833 1435 889 Spartam
1455 834 1613 875 missos
1633 834 1707 875 ibi-

143 921 226 963 que
249 908 461 951 'educatos
489 922 592 951 esse
619 914 806 953 testatur
824 907 1080 951 Plutarchus
1108 906 1264 964 (Ages.
1286 907 1355 953 20.
1382 933 1440 941 —
1469 910 1599 963 Krfig.
1627 908 1653 953 l.
1684 908 1709 953 l.

141 999 182 1039 p.
206 983 293 1037 19),
326 999 513 1040 quorum,
545 994 637 1026 cnm
660 990 839 1040 uterque
858 999 1026 1040 pugnae
1047 985 1161 1040 apud
1179 985 1437 1027 Mantineam
1458 986 1710 1027 commissae

142 1061 387 1110 interesset,
417 1060 541 1114 alter,
574 1059 762 1116 Gryllus,
795 1062 960 1116 cecidit,
992 1061 1110 1112 alter,
1143 1059 1372 1112 Diodorus,
1394 1066 1620 1118 superstes
1642 1067 1712 1104 est

143 1135 324 1181 relictus.
726 1150 728 1152 ’

172 1204 175 1206 ’
259 1212 338 1263 lis,
371 1226 482 1268 quae
502 1212 625 1256 modo
647 1212 866 1264 disserui,
882 1213 1056 1269 primum
1077 1212 1274 1268 explicari
1295 1213 1461 1256 videtur
1481 1214 1710 1266 sententia,

148 1302 272 1344 quam
293 1303 422 1344 supra
441 1290 656 1344 proposui,
678 1294 875 1332 statuens
896 1303 921 1331 e
942 1289 1238 1344 Xenophontis
1260 1290 1454 1344 opinione
1474 1304 1554 1330 non
1576 1303 1710 1344 posse

143 1364 399 1420 reipublicae
427 1366 545 1407 cives
574 1379 677 1407 esse
705 1367 863 1417 bonos,
902 1366 1000 1420 quin
1028 1365 1161 1408 fortes
1188 1366 1274 1407 sint
1299 1365 1477 1416 milites,
1514 1379 1709 1420 eumque,

144 1442 214 1494 qui
239 1442 376 1496 bonus
404 1441 461 1484 sit
488 1442 744 1482 exercituum
773 1441 877 1490 dux,
921 1454 1123 1481 summum
1158 1454 1261 1482 esse
1288 1445 1556 1494 assecutum,
1598 1441 1710 1494 quod

144 1516 232 1558 vito
253 1516 311 1558 sit
331 1516 633 1571 appetendum3
656 1530 767 1570 quae
782 1516 1080 1571 Xenophontis
1102 1517 1315 1559 sententia
1336 1517 1589 1571 quibusdam
1609 1518 1711 1558 mira

143 1593 300 1649 poterit
338 1591 491 1642 videri,
538 1593 725 1647 inprimis
765 1593 804 1634 si
843 1594 1110 1647 respexerint
1149 1592 1267 1634 locos
1307 1592 1710 1648 Xenophonteorum

143 1668 337 1713 librorum
359 1667 585 1723 quosdam,
602 1673 664 1711 'ut
683 1667 774 1711 libri
800 1669 854 1711 de
874 1668 1158 1723 vectigalibus
1179 1669 1323 1723 scripti
1345 1668 1388 1718 5,
1408 1669 1451 1719 2,
1480 1669 1551 1711 ubi
1572 1666 1708 1711 Athe-

144 1745 313 1787 nienses
339 1744 586 1798 gravissime
615 1744 670 1786 ad
696 1745 947 1786 servandam
966 1758 1114 1799 pacem
1136 1743 1437 1799 colendamque
1457 1744 1711 1796 cohortatur,

145 1821 357 1862 civitatem
376 1833 428 1861 eo
450 1819 677 1861 feliciorem
698 1834 802 1862 esse
822 1821 1094 1874 praedicans,
1120 1834 1202 1873 quo
1223 1818 1390 1873 longius
1410 1834 1487 1873 per
1508 1821 1710 1873 temporis

145 1895 328 1951 spatium
347 1908 454 1950 pace
473 1908 554 1937 usa
575 1896 633 1939 sit
653 1895 723 1947 (cs.
744 1895 858 1940 Hier.
881 1894 924 1944 2,
945 1893 1004 1948 7).
1053 1893 1192 1944 Quam
1213 1895 1267 1937 ob
1287 1908 1375 1937 rem
1393 1893 1616 1937 Weiskius
1638 1894 1711 1947 (de

145 1972 310 2026 ingenio
323 1971 433 2015 Xen.
450 1971 558 2026 disp.
575 1986 615 2026 p.
631 1970 706 2025 37)
721 1972 1046 2026 Xenophontem
1067 1973 1139 2024 ait,
1161 1972 1352 2025 quamvis
1374 1985 1425 2012 se
1445 1967 1712 2012 vel‘maxime

145 2046 394 2108 bellicosum
414 2048 673 2103 praebuerit,
709 2053 848 2090 tamen
877 2051 1025 2089 natura
1051 2047 1189 2089 fuisse
1216 2048 1540 2090 mansuetiorem
1569 2051 1634 2097 et,
1666 2051 1712 2088 ut

147 2123 322 2167 deceret
350 2122 667 2178 philosophum,
698 2124 818 2178 pacis
846 2137 970 2178 quam
997 2121 1099 2164 belli
1126 2123 1411 2164 amantiorem.
1472 2121 1596 2171 Quae
1626 2122 1709 2163 etsi

146 2198 439 2251 concederem,
477 2197 601 2240 facile
632 2204 769 2241 tamen
801 2198 967 2253 probari
1001 2209 1138 2252 posse
1170 2197 1269 2238 mihi
1297 2197 1527 2246 videretur,
1566 2197 1709 2238 Xeno-

144 2274 291 2329 phonti
329 2273 594 2316 nihilominus
633 2287 817 2316 necesse
854 2274 989 2315 visum
1019 2287 1143 2321 esse,
1189 2274 1305 2314 cives
1343 2271 1508 2314 bellicis
1549 2274 1710 2315 artibus

146 2364 271 2405 quam
290 2350 469 2392 maxime
490 2363 661 2405 operam
681 2349 843 2399 darent,
876 2363 968 2390 cum
989 2348 1112 2390 facile
1133 2350 1190 2391 sit
1209 2347 1440 2398 intellectu,
1473 2349 1567 2404 ejus
1587 2361 1709 2403 prae-

145 2427 291 2469 sertim
310 2425 566 2482 reipublicae
588 2427 705 2469 cives
719 2417 763 2468 vin
785 2440 892 2482 pace
914 2439 1017 2468 esse
1039 2425 1200 2475 solere,
1233 2426 1316 2479 qui,
1345 2439 1455 2479 quae
1478 2425 1534 2466 ad
1553 2424 1711 2466 bellum

144 2503 421 2557 pertinerent,
453 2517 623 2559 semper
641 2502 915 2558 providerint3
946 2504 1108 2544 omnino
1138 2505 1277 2543 tamen
1304 2500 1404 2542 mihi
1434 2499 1506 2542 illa
1526 2499 1707 2542 Weiskii

146 2579 358 2628 sententia
378 2593 458 2620 non
485 2579 545 2622 ita
560 2577 721 2635 placet.
781 2578 985 2629 Quamvis
1013 2579 1120 2620 enim
1148 2576 1217 2618 illo
1252 2575 1523 2632 loco-pacem
1550 2577 1709 2618 civibus

145 2667 172 2695 a
200 2647 488 2708 Xenophonte
528 2668 795 2710 summopere
825 2654 1104 2697 commendari
1144 2652 1317 2694 concedi
1348 2653 1526 2705 debeat,
1571 2657 1710 2694 tamen

144 2730 250 2773 ratio
272 2729 468 2773 habenda
488 2736 558 2774 est
578 2732 801 2787 temporis,
833 2746 916 2787 quo
946 2731 1130 2787 scriptus
1158 2729 1351 2772 videatur
1381 2716 1558 2772 essede
1579 2729 1708 2771 vecti-

144 2804 311 2859 galibus
346 2805 472 2858 liber3
504 2821 556 2851 ac
591 2821 684 2849 cum
712 2808 789 2849 viri
820 2808 933 2850 docti
963 2820 1109 2849 omnes
1138 2807 1360 2862 assignent
1394 2806 1501 2848 hunc
1527 2804 1712 2848 libellum
