1860 3064
711 503 714 506 >
766 467 1083 549 Theses.

257 752 407 807 lngenii
446 750 649 794 facultates
687 753 865 794 omnium
904 752 1130 804 hominum,
1178 764 1270 793 cum
1308 756 1546 802 nascuntur,
1592 762 1710 806 pares

138 841 229 871 esse
260 841 376 883 nego.

254 903 527 959 Xenophontis
567 904 822 960 simplicitas,
864 917 967 959 quae
1009 896 1060 945 ab
1099 903 1284 946 omnibus
1322 903 1403 945 sere
1440 902 1710 958 Xenophontis

139 980 330 1021 librorum
366 979 586 1022 editoribus
625 980 799 1022 summis
829 978 990 1021 effertur
1030 979 1237 1031 laudibus,
1278 986 1404 1035 saepe*
1429 979 1525 1021 mibi
1558 977 1711 1021 videtur

139 1056 472 1111 reprehendenda.
1598 1112 1605 1115 γ’

255 1132 397 1173 Animo
427 1130 604 1173 Sallustii
637 1131 848 1173 scribentis
878 1131 964 1186 c'ap.
985 1131 1033 1172 X.
1054 1130 1275 1185 Jugurthae
1302 1130 1508 1173 obversata
1536 1135 1598 1173 est
1617 1129 1710 1186 Cyri

139 1207 350 1248 morientis
377 1206 502 1247 oratio
532 1206 712 1247 confecta
744 1219 766 1246 a
798 1196 1059 1260 Xenophonte
1089 1205 1240 1262 Cyrop.-
1258 1206 1333 1246 lib.
1363 1206 1466 1247 Vm,
1492 1219 1577 1262 cap.
1609 1200 1698 1247 vlt.-

256 1282 429 1333 Locum,
490 1282 558 1337 qui
611 1281 756 1336 legitur
805 1281 910 1337 apud
960 1280 1193 1324 Sallustium
1243 1281 1461 1336 Jugurthae
1510 1295 1597 1338 cap,
1647 1281 1707 1324 Cl.

138 1364 234 1400 sect.
267 1357 313 1398 ὃς
345 1380 402 1386 —
434 1357 565 1408 „dein
590 1357 758 1398 Numida
792 1358 951 1411 cognito
981 1357 1126 1398 Bocchi
1158 1357 1327 1399 adventu
1359 1358 1460 1399 clam
1492 1371 1585 1399 cum
1616 1371 1711 1414 pau-

139 1434 234 1485 ,·‚cis
265 1433 315 1474 ad
345 1432 496 1489 pedites
527 1433 744 1485 convortit3
784 1433 842 1474 'ibi
872 1433 990 1474 latine
1030 1434 1146 1486 (nam
1186 1432 1291 1489 apud
1322 1433 1569 1476 Numantiam
1602 1433 1710 1490 loqui

142 1510 408 1562 „didicerat)·
439 1508 653 1559 exclamat,
695 1514 856 1551 nostros
888 1509 1031 1550 frustra
1063 1522 1240 1564 pugnare
1271 1512 1375 1551 etc.“
1407 1534 1463 1540 —
1493 1510 1544 1551 ita
1575 1515 1617 1550 ut
1646 1521 1710 1565 pe-

138 1585 240 1627 dites
271 1585 326 1626 illi
358 1584 436 1626 sint
466 1584 615 1635 Mauri,
664 1584 809 1627 milites
839 1584 1005 1636 Bocchi,
1054 1584 1352 1639 intelligendum
1390 1599 1480 1628 esse
1517 1585 1711 1626 contendo

138 1667 274 1702 contra
317 1660 530 1710 Kritzium,
590 1660 657 1714 qui
706 1659 774 1700 illo
822 1659 1017 1701 vocabulo
1062 1665 1130 1701 aut
1169 1660 1371 1702 Romanos
1412 1649 1480 1703 aut
1519 1660 1710 1703 Numidas

139 1736 354 1790 significari
386 1736 566 1777 affirmat.

256 1814 372 1854 Hom.
405 1812 448 1852 ll.
481 1812 525 1853 B.
557 1826 594 1853 v.
628 1810 714 1852 250
745 1825 834 1868 sqq.
877 1812 1048 1868 duplicis
1089 1813 1332 1855 recensionis
1372 1819 1525 1855 exstare
1566 1813 1710 1854 indicia

139 1895 270 1929 statuo
291 1901 386 1928 cum
407 1886 724 1940 Naegelsbachio
747 1887 824 1939 (cf.
846 1890 896 1941 ej.
919 1887 1007 1928 libr.
1030 1887 1335 1943 Anmerkungen
1363 1902 1397 1929 z.
1426 1888 1529 1930 llias.
1559 1902 1598 1945 p.
1626 1887 1709 1929 121⁴

140 1965 215 2019 fg.)
248 1971 286 2005 et
317 1964 450 2004 locum
483 1963 594 2004 illum
628 1964 679 2004 ita
712 1963 965 2004 scribendum
996 1977 1087 2006 esse
1118 1978 1283 2006 censeo:

420 2050 466 2090 οὗ
491 2051 563 2100 γὰρ
588 2050 658 2101 ἐγώ
683 2051 744 2090 σέο
769 2052 867 2101 φημὶ
888 2053 1111 2104 χερειότερον
1133 2052 1270 2102 βροτὸν
1294 2050 1403 2092 ἄλλον

420 2116 591 2165 ἔμμεναι,
626 2114 730 2155 ὅσσοι
755 2113 817 2164 ἅμ’
837 2115 1019 2167 Ἀτρείδης
1040 2115 1120 2155 ὑπὸ
1135 2115 1251 2157 Ἴλιον
1272 2113 1405 2166 ἦλθον.

416 2184 470 2232 τῷ
494 2180 566 2219 οὐκ
589 2178 639 2219 ἄν
660 2183 840 2231 βασιλῆας
863 2179 939 2219 ἀνὰ
962 2181 1063 2229 στόμ’
1086 2181 1181 2230 ἔχων
1202 2181 1414 2231 ἀγορεύοις,

419 2247 485 2284 καί
505 2258 595 2295 σφιν
619 2244 762 2286 ὀνείδεά
784 2261 824 2286 τε
846 2245 1072 2297 προφέροις,
1097 2247 1231 2287 νόστον
1252 2261 1292 2286 τε
1316 2246 1529 2296 φυλάσσοις,

418 2308 493 2347 ἀλλ’
517 2310 557 2348 ἔκ
580 2324 638 2347 τοι
662 2309 752 2360 ἐρέω
776 2332 821 2339 —-
845 2314 919 2349 κτλ.
