1860 3064
911 127 946 180 ⁷

142 281 386 324 insomniam
408 279 519 322 ferre
540 279 704 335 possit,
727 277 846 345 =unde
868 277 1023 320 sactum
1045 283 1133 328 est,
1155 281 1202 320 ut
1223 278 1260 319 is
1282 291 1452 333 quoque
1473 282 1715 333 temperans
1796 286 1799 288 ·

140 359 392 411 nominetur,
436 356 507 411 qui
533 356 592 398 sit
619 355 791 411 patiens
815 369 893 396 non
915 354 1061 396 harum
1083 352 1258 406 solum,
1277 354 1357 397 sed
1380 355 1508 397 etiam
1537 354 1716 408 frigoris,

144 440 317 481 aestus,
351 433 530 473 omnium
549 431 733 485 denique
755 429 946 472 laborum
969 431 1115 481 (Mem.
1137 431 1180 480 2,
1205 430 1242 475 1.
1264 430 1330 481 7).
1385 428 1575 472 Adducit
1595 431 1719 483 igitur

143 507 421 564 temperantia
448 507 640 548 homines
669 506 725 548 ad
753 519 931 561 corpora
959 506 1216 554 exercenda,
1257 519 1349 546 cum
1378 519 1525 547 omnes
1546 504 1718 547 labores

144 582 298 626 efficiat
325 580 594 632 tolerabiles3
646 582 742 624 inde
774 582 1078 637 temperantiae
1108 581 1291 623 studiosi
1320 585 1390 622 est
1411 594 1562 635 corpus
1584 581 1717 635 probe

143 671 356 708 exercere,
389 657 522 712 quod,
553 658 591 699 si
613 657 713 713 quid
734 655 868 709 aliud,
898 671 1090 712 magnam
1112 656 1234 698 affert
1253 654 1489 699 utilitatem.
1552 656 1716 712 Corpus

145 736 252 777 enim
298 735 512 777 exercenti
560 739 605 776 et
650 734 779 775 robur
827 738 872 775 et
928 731 1215 775 valetudinem
1267 733 1418 774 bonam
1477 733 1718 787 contingere

145 810 288 863 (Mem.
316 808 360 859 3,
392 809 461 858 12,
490 810 577 862 4);-
600 811 753 851 bonum
787 823 887 851 vero
917 810 1104 864 corporis
1132 809 1318 850 habitum
1340 808 1396 849 ad
1416 810 1570 858 omnia,
1602 821 1714 863 quae

143 888 335 929 homines
355 892 524 941 gerant,
568 900 670 929 esse
691 885 858 936 utilem,
891 900 1061 941 semper
1088 887 1196 927 enim
1216 886 1451 927 hominibus
1474 899 1578 927 esse
1598 899 1708 939 opus

143 968 188 1006 et
213 976 408 1017 corpore,
461 967 505 1005 et
533 963 689 1014 animo,
740 962 810 1016 qui
844 975 1018 1017 corpore
1051 966 1297 1016 aegrotante
1325 975 1457 1003 sanus
1490 975 1594 1003 esse
1628 975 1708 1002 non

141 1038 451 1094 possit⁴(Mem.
478 1036 522 1088 3,
553 1036 631 1090 12,
652 1037 715 1091 6),
755 1038 836 1079 sed
871 1051 1045 1092 corpore
1083 1038 1321 1080 effeminato
1340 1038 1518 1079 animum
1540 1050 1711 1091 quoque

143 1111 372 1162 debilitari,
404 1127 559 1168 corpus
580 1113 818 1155 exercendo
841 1115 1020 1155 animum
1042 1114 1203 1157 firmari.

259 1189 514 1231 Aretissime
563 1190 688 1243 igitur
731 1190 955 1245 conjuncta
997 1203 1089 1230 cum
1130 1190 1407 1243 temperantia
1448 1194 1519 1230 est
1567 1193 1717 1242 quarta

144 1263 306 1306 illarum
327 1265 542 1314 virtutum,
587 1263 805 1316 fortitud03
851 1264 985 1307 sortes
1007 1265 1115 1307 enim
1137 1278 1215 1307 eos
1239 1264 1454 1307 contendit
1475 1277 1599 1314 esse,
1647 1264 1718 1319 qui

145 1342 184 1381 in
213 1342 375 1395 magnis
403 1339 602 1396 periculis
622 1342 732 1383 bene
753 1354 805 1382 se
833 1346 981 1395 gerant
1001 1342 1151 1393 (Mem.
1174 1342 1216 1392 4,
1239 1340 1281 1390 6,
1309 1341 1392 1395 11).
1465 1342 1581 1382 Sane
1602 1340 1716 1382 forti-

145 1417 246 1460 tudo
267 1417 445 1459 hominis
466 1418 600 1459 animo
623 1422 772 1460 natura
793 1417 850 1459 sit
871 1418 997 1460 insita
1019 1431 1204 1460 necesse
1226 1432 1346 1466 esse,
1368 1422 1595 1473 praeterea
1616 1431 1717 1459 vero

146 1493 274 1535 animi
295 1493 350 1534 ad
377 1492 660 1536 fortitudinem
688 1491 869 1535 indolem
889 1493 1037 1535 firmari
1059 1494 1296 1536 exercendo
1319 1507 1453 1549 posse
1476 1497 1520 1535 et
1541 1492 1714 1542 debere,

145 1574 191 1611 ut
220 1567 421 1611 terribilia
447 1569 557 1611 ferre
583 1570 724 1626 possit
751 1570 813 1611 vir
840 1583 948 1612 neve
978 1571 1017 1611 in
1047 1570 1268 1613 discrimen
1304 1575 1483 1612 vocatus
1507 1573 1719 1616 terreatur

145 1644 297 1695 (Mem.
316 1642 358 1694 3,
380 1643 425 1697 9,
446 1644 508 1697 2).
1705 1690 1707 1692 ,

265 1718 356 1762 Una
376 1719 540 1774 reliqua
560 1726 630 1763 est
651 1720 802 1768 virtus,
825 1734 949 1775 quam
970 1717 1272 1779 σωφροσύνην
1292 1721 1475 1763 nominat
1496 1721 1717 1770 Socrates,

146 1796 200 1837 de
229 1809 313 1850 qua
348 1795 446 1850 quid
474 1797 532 1838 sit
568 1796 859 1846 statuendum,
910 1810 977 1839 me
1005 1812 1085 1839 non
1115 1798 1223 1841 satis
1253 1802 1369 1840 certe
1397 1798 1508 1839 scire
1538 1798 1718 1852 ingenue

146 1871 302 1923 fateor,
341 1885 480 1925 neque
502 1872 709 1927 quomodo
731 1873 789 1924 is,
824 1886 948 1927 quem
978 1873 1131 1915 Graeci
1152 1873 1369 1929 appellant
1389 1870 1625 1930 σώφρονα,
1656 1872 1717 1915 la-

146 1947 232 1988 tino
260 1960 455 1989 sermone
482 1947 541 1989 sit
568 1945 845 1991 nominandus
874 1948 948 2003 (cf.
977 1948 1063 1993 Cic.
1093 1949 1220 1994 Tusc.
1242 1948 1287 2003 3,
1307 1948 1384 2002 8.).
1444 1949 1590 1992 Debet
1609 1950 1718 1990 enim

146 2023 210 2073 is,
228 2023 299 2078 qui
320 2019 518 2080 ’σώφρων
539 2022 798 2079 appelletur,
819 2023 994 2080 reliquis
1016 2026 1207 2067 omnibus
1223 2026 1447 2068 virtutibus
1469 2039 1573 2068 esse
1594 2040 1715 2081 prae-

146 2098 281 2149 ditus,
313 2104 359 2141 ut
387 2096 661 2157 σωφροσύνη
692 2102 788 2156 ejus
810 2114 913 2143 esse
933 2101 1147 2151 videatur,
1179 2104 1302 2158 cujus
1326 2116 1446 2144 mens
1468 2103 1527 2144 sit
1546 2116 1653 2144 sana
1674 2107 1720 2145 et

145 2175 328 2230 integra,
351 2176 431 2230 vqui
459 2177 652 2218 omnibus
680 2177 809 2218 rebus
831 2178 940 2219 bene
961 2179 1023 2220 uti
1044 2180 1204 2233 possit,
1236 2179 1306 2233 qui
1327 2177 1437 2220 alias
1459 2179 1622 2220 omnino
1645 2193 1715 2221 sa-

64 2297 69 2302 ,
144 2253 271 2308 piens
289 2239 768 2304 nominatum-Socrates
788 2252 933 2310 (Mem.
954 2252 997 2304 3,
1018 2254 1060 2305 9,
1082 2255 1131 2307 4)
1148 2251 1448 2312 σωφροσύνην
1475 2260 1520 2297 et
1547 2256 1715 2311 sapien·
1763 2253 1768 2259 ’

145 2328 245 2369 tiam
270 2327 469 2384 (σοφίαν)
497 2328 754 2383 disputando
779 2343 867 2370 non>
888 2330 1139 2372 distinxisse
1160 2331 1329 2380 dicitur3
1356 2331 1599 2386 eodemque
1620 2329 1717 2374 loco

146 2403 312 2454 docet,·
325 2409 441 2458 eum,
473 2404 550 2459 qui·
564 2409 611 2447 et
629 2406 744 2448 bona
764 2410 809 2449 et
827 2405 939 2449 mala
959 2420 1071 2462 quae
1092 2408 1176 2449 sint
1195 2408 1331 2449 animo
1352 2411 1519 2459 teneat,
1546 2414 1592 2452 et
1611 2409 1718 2452 haee
1748 2456 1753 2461 ,

148 2479 302 2534 fugiat,
360 2478 433 2522 illa
466 2486 767 2536 persequatur,
821 2495 925 2524 esse
961 2484 1196 2538 sapientem
1231 2488 1275 2525 et
1310 2479 1536 2542 σώφρονα.
1614 2484 1717 2527 Cum

147 2560 290 2598 autem
310 2557 549 2612 sapientem
575 2558 616 2598 in
646 2570 699 2599 ea
719 2571 930 2613 quemque
952 2572 1056 2602 esse
1076 2573 1141 2610 re,
1175 2573 1300 2615 quam
1320 2566 1438 2603 reete
1460 2563 1714 2616 cognoverit,

148 2635 193 2673 et
212 2621 466 2686 sapientiam
482 2635 589 2677 'esse
609 2634 830 2676 seientiam
857 2634 1082 2677 doceamur
1102 2636 1246 2688 (Mem.
1264 2635 1309 2689 4,
1330 2636 1373 2686 6,
1394 2636 1593 2690 7),*recte
1614 2638 1716 2679 mihi

146 2709 338 2752 statuere
364 2707 531 2760 videor,
571 2723 668 2753 eum
695 2723 799 2754 esse
834 2706 1069 2770 σώφρονα,
1116 2713 1207 2767 qui,
1253 2727 1365 2768 quae
1392 2715 1607 2772 sapientia
1635 2728 1717 2757 sua

146 2784 260 2827 bona>
278 2797 384 2828 esse
402 2788 667 2841 cognoverit,
699 2787 846 2838 faciat,
885 2801 996 2845 quae
1016 2788 1146 2841 mala,
1191 2790 1344 2842 evitet,
1363 2825 1366 2827 .
1384 2792 1476 2847 qui,
1515 2790 1718 2848 quidquid
