<?xml version="1.0" encoding="UTF-8"?>
<!DOCTYPE html PUBLIC "-//W3C//DTD XHTML 1.0 Transitional//EN"
    "http://www.w3.org/TR/xhtml1/DTD/xhtml1-transitional.dtd">
<html xmlns="http://www.w3.org/1999/xhtml" xml:lang="en" lang="en">
 <head>
  <title>
</title>
<meta http-equiv="Content-Type" content="text/html;charset=utf-8" />
  <meta name='ocr-system' content='tesseract 3.04.00' />
  <meta name='ocr-capabilities' content='ocr_page ocr_carea ocr_par ocr_line ocrx_word'/>
</head>
<body>
  <div class='ocr_page' id='page_1' title='image "4737187_0022.png"; bbox 0 0 1860 3064; ppageno 0'>
   <div class='ocr_carea' id='block_1_1' title="bbox 890 177 953 231">
    <p class='ocr_par' dir='ltr' id='par_1_1' title="bbox 890 177 953 231">
     <span class='ocr_line' id='line_1_1' title="bbox 890 177 953 231; baseline -0.032 0"><span class='ocrx_word' id='word_1_1' title='bbox 890 177 953 231; x_wconf 80' lang='lat'><strong>12</strong></span> 
     </span>
    </p>
   </div>
   <div class='ocr_carea' id='block_1_2' title="bbox 778 239 1057 249">
    <p class='ocr_par' dir='ltr' id='par_1_2' title="bbox 778 239 1057 249">
     <span class='ocr_line' id='line_1_2' title="bbox 778 239 1057 249; baseline 0 2815"><span class='ocrx_word' id='word_1_2' title='bbox 778 239 1057 249; x_wconf 95' lang='lat' dir='ltr'><strong> </strong></span> 
     </span>
    </p>
   </div>
   <div class='ocr_carea' id='block_1_3' title="bbox 117 320 1704 2892">
    <p class='ocr_par' dir='ltr' id='par_1_3' title="bbox 117 320 1704 2892">
     <span class='ocr_line' id='line_1_3' title="bbox 126 320 1703 384; baseline 0.001 -16"><span class='ocrx_word' id='word_1_3' title='bbox 126 340 214 372; x_wconf 86' lang='lat' dir='ltr'><strong>ram</strong></span> <span class='ocrx_word' id='word_1_4' title='bbox 231 326 395 370; x_wconf 80' lang='lat' dir='ltr'><strong>dederit</strong></span> <span class='ocrx_word' id='word_1_5' title='bbox 411 326 533 369; x_wconf 87' lang='lat' dir='ltr'><strong>animi</strong></span> <span class='ocrx_word' id='word_1_6' title='bbox 555 324 749 376; x_wconf 78' lang='lat' dir='ltr'>indolem,</span> <span class='ocrx_word' id='word_1_7' title='bbox 773 339 876 368; x_wconf 88' lang='lat' dir='ltr'><strong>esse</strong></span> <span class='ocrx_word' id='word_1_8' title='bbox 898 325 1079 367; x_wconf 90' lang='lat' dir='ltr'><strong>divinum</strong></span> <span class='ocrx_word' id='word_1_9' title='bbox 1095 322 1197 367; x_wconf 89' lang='lat' dir='ltr'><strong>illud</strong></span> <span class='ocrx_word' id='word_1_10' title='bbox 1216 320 1268 372; x_wconf 81' lang='grc' dir='ltr'><strong>τὸ</strong></span> <span class='ocrx_word' id='word_1_11' title='bbox 1289 320 1535 369; x_wconf 74' lang='grc' dir='ltr'><strong><em>ἐθελόντων</em></strong></span> <span class='ocrx_word' id='word_1_12' title='bbox 1555 322 1703 384; x_wconf 77' lang='grc' dir='ltr'><strong>ἄρχειν</strong></span> 
     </span>
     <span class='ocr_line' id='line_1_4' title="bbox 127 400 1703 456; baseline -0.001 -12"><span class='ocrx_word' id='word_1_13' title='bbox 127 404 308 455; x_wconf 89' lang='lat' dir='ltr'><strong>(Oecon.</strong></span> <span class='ocrx_word' id='word_1_14' title='bbox 329 402 402 452; x_wconf 97' lang='grc'><strong>21,</strong></span> <span class='ocrx_word' id='word_1_15' title='bbox 427 401 520 455; x_wconf 87' lang='grc'>11);</span> <span class='ocrx_word' id='word_1_16' title='bbox 544 415 667 456; x_wconf 91' lang='lat' dir='ltr'><strong>quam</strong></span> <span class='ocrx_word' id='word_1_17' title='bbox 689 402 743 442; x_wconf 91' lang='lat' dir='ltr'><strong>ob</strong></span> <span class='ocrx_word' id='word_1_18' title='bbox 766 414 940 446; x_wconf 84' lang='lat' dir='ltr'><strong>causam</strong></span> <span class='ocrx_word' id='word_1_19' title='bbox 960 400 1098 456; x_wconf 81' lang='lat' dir='ltr'>Cyrus</span> <span class='ocrx_word' id='word_1_20' title='bbox 1121 405 1166 444; x_wconf 86' lang='lat' dir='ltr'><strong>et</strong></span> <span class='ocrx_word' id='word_1_21' title='bbox 1185 406 1311 444; x_wconf 84' lang='lat' dir='ltr'><strong>natus</strong></span> <span class='ocrx_word' id='word_1_22' title='bbox 1334 414 1437 443; x_wconf 89' lang='lat' dir='ltr'><strong>esse</strong></span> <span class='ocrx_word' id='word_1_23' title='bbox 1458 415 1533 444; x_wconf 86' lang='lat' dir='ltr'><strong>rex</strong></span> <span class='ocrx_word' id='word_1_24' title='bbox 1554 401 1703 445; x_wconf 86' lang='lat' dir='ltr'><strong>dicitur</strong></span> 
     </span>
     <span class='ocr_line' id='line_1_5' title="bbox 127 476 1701 535; baseline -0.001 -14"><span class='ocrx_word' id='word_1_25' title='bbox 127 479 245 535; x_wconf 86' lang='lat' dir='ltr'><strong>(Cyr.</strong></span> <span class='ocrx_word' id='word_1_26' title='bbox 267 478 310 529; x_wconf 91' lang='lat'><strong>5,</strong></span> <span class='ocrx_word' id='word_1_27' title='bbox 339 478 375 529; x_wconf 89' lang='lat'><strong>1,</strong></span> <span class='ocrx_word' id='word_1_28' title='bbox 396 478 474 532; x_wconf 81' lang='grc'>24)</span> <span class='ocrx_word' id='word_1_29' title='bbox 497 483 541 522; x_wconf 91' lang='lat' dir='ltr'><strong>et</strong></span> <span class='ocrx_word' id='word_1_30' title='bbox 561 478 761 532; x_wconf 78' lang='lat' dir='ltr'>originem</span> <span class='ocrx_word' id='word_1_31' title='bbox 782 478 952 532; x_wconf 87' lang='lat' dir='ltr'><strong>generis</strong></span> <span class='ocrx_word' id='word_1_32' title='bbox 973 492 1000 519; x_wconf 85' lang='lat' dir='ltr'><strong>a</strong></span> <span class='ocrx_word' id='word_1_33' title='bbox 1013 477 1102 520; x_wconf 80' lang='lat' dir='ltr'><strong>&#39;diis</strong></span> <span class='ocrx_word' id='word_1_34' title='bbox 1123 482 1320 533; x_wconf 90' lang='lat' dir='ltr'><strong>repetere</strong></span> <span class='ocrx_word' id='word_1_35' title='bbox 1343 477 1455 533; x_wconf 87' lang='lat' dir='ltr'><strong>(Cyr.</strong></span> <span class='ocrx_word' id='word_1_36' title='bbox 1476 477 1518 528; x_wconf 78' lang='lat'><strong>4,</strong></span> <span class='ocrx_word' id='word_1_37' title='bbox 1543 476 1581 528; x_wconf 85' lang='lat'><strong>1,</strong></span> <span class='ocrx_word' id='word_1_38' title='bbox 1602 477 1701 531; x_wconf 82' lang='grc'>24);</span> 
     </span>
     <span class='ocr_line' id='line_1_6' title="bbox 124 537 1700 611; baseline -0.001 -14"><span class='ocrx_word' id='word_1_39' title='bbox 124 554 344 611; x_wconf 87' lang='lat' dir='ltr'><strong>plurimum</strong></span> <span class='ocrx_word' id='word_1_40' title='bbox 366 559 527 604; x_wconf 88' lang='lat' dir='ltr'><strong>autem,</strong></span> <span class='ocrx_word' id='word_1_41' title='bbox 559 558 606 596; x_wconf 91' lang='lat' dir='ltr'><strong>ut</strong></span> <span class='ocrx_word' id='word_1_42' title='bbox 631 552 813 596; x_wconf 81' lang='lat' dir='ltr'><strong>libenter</strong></span> <span class='ocrx_word' id='word_1_43' title='bbox 840 553 1039 596; x_wconf 82' lang='lat' dir='ltr'><strong>obediant</strong></span> <span class='ocrx_word' id='word_1_44' title='bbox 1065 552 1111 596; x_wconf 79' lang='grc' dir='ltr'><strong>οἱ</strong></span> <span class='ocrx_word' id='word_1_45' title='bbox 1128 537 1362 610; x_wconf 62' lang='grc' dir='ltr'><strong><em>ἀρχόρενοι</em></strong></span> <span class='ocrx_word' id='word_1_46' title='bbox 1382 554 1509 597; x_wconf 87' lang='lat' dir='ltr'><strong>etiam</strong></span> <span class='ocrx_word' id='word_1_47' title='bbox 1528 554 1610 596; x_wconf 85' lang='lat' dir='ltr'><strong>hoc</strong></span> <span class='ocrx_word' id='word_1_48' title='bbox 1630 561 1700 601; x_wconf 55' lang='lat' dir='ltr'><strong>&#39;vaf</strong></span> 
     </span>
     <span class='ocr_line' id='line_1_7' title="bbox 124 627 1700 686; baseline -0.003 -12"><span class='ocrx_word' id='word_1_49' title='bbox 124 630 237 682; x_wconf 88' lang='lat' dir='ltr'><strong>lere,</strong></span> <span class='ocrx_word' id='word_1_50' title='bbox 270 631 383 686; x_wconf 91' lang='lat' dir='ltr'><strong>quod</strong></span> <span class='ocrx_word' id='word_1_51' title='bbox 409 631 602 673; x_wconf 90' lang='lat' dir='ltr'><strong>homines</strong></span> <span class='ocrx_word' id='word_1_52' title='bbox 631 630 669 672; x_wconf 90' lang='lat' dir='ltr'><strong>ei</strong></span> <span class='ocrx_word' id='word_1_53' title='bbox 691 629 872 673; x_wconf 80' lang='lat' dir='ltr'><strong>libenter</strong></span> <span class='ocrx_word' id='word_1_54' title='bbox 892 643 1043 685; x_wconf 88' lang='lat' dir='ltr'><strong>parere</strong></span> <span class='ocrx_word' id='word_1_55' title='bbox 1064 627 1254 680; x_wconf 84' lang='lat' dir='ltr'><strong>soleant,</strong></span> <span class='ocrx_word' id='word_1_56' title='bbox 1285 644 1409 685; x_wconf 87' lang='lat' dir='ltr'><strong>quem</strong></span> <span class='ocrx_word' id='word_1_57' title='bbox 1429 631 1537 686; x_wconf 85' lang='lat' dir='ltr'><strong>ipsis</strong></span> <span class='ocrx_word' id='word_1_58' title='bbox 1551 628 1700 675; x_wconf 70' lang='lat' dir='ltr'><strong>melio-</strong></span> 
     </span>
     <span class='ocr_line' id='line_1_8' title="bbox 124 700 1702 762; baseline -0.001 -13"><span class='ocrx_word' id='word_1_59' title='bbox 124 722 209 751; x_wconf 87' lang='lat' dir='ltr'><strong>rem</strong></span> <span class='ocrx_word' id='word_1_60' title='bbox 231 721 334 750; x_wconf 90' lang='lat' dir='ltr'><strong>esse</strong></span> <span class='ocrx_word' id='word_1_61' title='bbox 357 708 439 749; x_wconf 92' lang='lat' dir='ltr'><strong>sibi</strong></span> <span class='ocrx_word' id='word_1_62' title='bbox 460 707 752 762; x_wconf 82' lang='lat' dir='ltr'><strong>persuaserint</strong></span> <span class='ocrx_word' id='word_1_63' title='bbox 774 705 890 760; x_wconf 88' lang='lat' dir='ltr'><strong>(Cyr.</strong></span> <span class='ocrx_word' id='word_1_64' title='bbox 915 704 954 758; x_wconf 88' lang='lat'><strong>1,</strong></span> <span class='ocrx_word' id='word_1_65' title='bbox 977 705 1018 754; x_wconf 82' lang='lat'><strong>6,</strong></span> <span class='ocrx_word' id='word_1_66' title='bbox 1039 704 1093 747; x_wconf 85' lang='grc'><strong>21</strong></span> <span class='ocrx_word' id='word_1_67' title='bbox 1119 719 1185 760; x_wconf 90' lang='lat' dir='ltr'><strong>sq.</strong></span> <span class='ocrx_word' id='word_1_68' title='bbox 1216 704 1259 755; x_wconf 90' lang='lat'><strong>3,</strong></span> <span class='ocrx_word' id='word_1_69' title='bbox 1279 704 1318 754; x_wconf 86' lang='lat'><strong>1,</strong></span> <span class='ocrx_word' id='word_1_70' title='bbox 1335 705 1405 750; x_wconf 90' lang='grc'>20.</span> <span class='ocrx_word' id='word_1_71' title='bbox 1434 700 1489 748; x_wconf 82' lang='lat' dir='ltr'><strong>cf.</strong></span> <span class='ocrx_word' id='word_1_72' title='bbox 1510 706 1638 749; x_wconf 88' lang='lat' dir='ltr'><strong>Mem.</strong></span> <span class='ocrx_word' id='word_1_73' title='bbox 1659 704 1702 759; x_wconf 88' lang='lat'><strong>3,</strong></span> 
     </span>
     <span class='ocr_line' id='line_1_9' title="bbox 124 782 1704 839; baseline -0.003 -11"><span class='ocrx_word' id='word_1_74' title='bbox 124 784 168 835; x_wconf 87' lang='lat'><strong>3,</strong></span> <span class='ocrx_word' id='word_1_75' title='bbox 190 785 252 839; x_wconf 93' lang='grc'><strong>9).</strong></span> <span class='ocrx_word' id='word_1_76' title='bbox 315 782 442 833; x_wconf 84' lang='lat' dir='ltr'><strong>Quod</strong></span> <span class='ocrx_word' id='word_1_77' title='bbox 470 787 518 825; x_wconf 94' lang='lat' dir='ltr'><strong>ut</strong></span> <span class='ocrx_word' id='word_1_78' title='bbox 547 782 859 837; x_wconf 82' lang='lat' dir='ltr'><strong>persuadeatur</strong></span> <span class='ocrx_word' id='word_1_79' title='bbox 879 782 954 835; x_wconf 91' lang='lat' dir='ltr'><strong>iis,</strong></span> <span class='ocrx_word' id='word_1_80' title='bbox 986 782 1213 837; x_wconf 82' lang='lat' dir='ltr'><strong>proximam</strong></span> <span class='ocrx_word' id='word_1_81' title='bbox 1242 795 1345 825; x_wconf 88' lang='lat' dir='ltr'><strong>esse</strong></span> <span class='ocrx_word' id='word_1_82' title='bbox 1366 782 1475 824; x_wconf 87' lang='lat' dir='ltr'><strong>hanc</strong></span> <span class='ocrx_word' id='word_1_83' title='bbox 1494 783 1635 835; x_wconf 76' lang='lat' dir='ltr'><strong>viam,¹</strong></span> <span class='ocrx_word' id='word_1_84' title='bbox 1656 787 1704 824; x_wconf 90' lang='lat' dir='ltr'><strong>ut</strong></span> 
     </span>
     <span class='ocr_line' id='line_1_10' title="bbox 126 856 1702 915; baseline -0.002 -13"><span class='ocrx_word' id='word_1_85' title='bbox 126 860 266 915; x_wconf 88' lang='lat' dir='ltr'><strong>qualis</strong></span> <span class='ocrx_word' id='word_1_86' title='bbox 287 860 434 902; x_wconf 79' lang='lat' dir='ltr'><strong>haberi</strong></span> <span class='ocrx_word' id='word_1_87' title='bbox 457 859 552 912; x_wconf 90' lang='lat' dir='ltr'><strong>quis</strong></span> <span class='ocrx_word' id='word_1_88' title='bbox 575 856 697 908; x_wconf 86' lang='lat' dir='ltr'><strong>velit,</strong></span> <span class='ocrx_word' id='word_1_89' title='bbox 718 856 898 900; x_wconf 77' lang='lat' dir='ltr'><strong>talis&#39;sit</strong></span> <span class='ocrx_word' id='word_1_90' title='bbox 920 857 1035 911; x_wconf 88' lang='lat' dir='ltr'><strong>(Cyr.</strong></span> <span class='ocrx_word' id='word_1_91' title='bbox 1063 856 1099 906; x_wconf 93' lang='grc'><strong>1,</strong></span> <span class='ocrx_word' id='word_1_92' title='bbox 1121 856 1163 908; x_wconf 87' lang='grc'><strong>6,</strong></span> <span class='ocrx_word' id='word_1_93' title='bbox 1183 856 1256 899; x_wconf 89' lang='grc'><strong>22.</strong></span> <span class='ocrx_word' id='word_1_94' title='bbox 1288 857 1492 901; x_wconf 70' lang='grc' dir='ltr'><strong>οίὶ.Μοηι.</strong></span> <span class='ocrx_word' id='word_1_95' title='bbox 1516 857 1555 907; x_wconf 90' lang='grc'><strong>1,</strong></span> <span class='ocrx_word' id='word_1_96' title='bbox 1576 856 1619 908; x_wconf 91' lang='grc'><strong>7,</strong></span> <span class='ocrx_word' id='word_1_97' title='bbox 1644 856 1702 911; x_wconf 91' lang='grc'>1).</span> 
     </span>
     <span class='ocr_line' id='line_1_11' title="bbox 125 933 1702 990; baseline -0.001 -11"><span class='ocrx_word' id='word_1_98' title='bbox 125 936 220 979; x_wconf 86' lang='lat' dir='ltr'><strong>Has</strong></span> <span class='ocrx_word' id='word_1_99' title='bbox 246 934 547 990; x_wconf 80' lang='lat' dir='ltr'><strong>Xenophontis</strong></span> <span class='ocrx_word' id='word_1_100' title='bbox 583 934 824 976; x_wconf 89' lang='lat' dir='ltr'><strong>sententias</strong></span> <span class='ocrx_word' id='word_1_101' title='bbox 854 948 947 974; x_wconf 89' lang='lat' dir='ltr'><strong>cum</strong></span> <span class='ocrx_word' id='word_1_102' title='bbox 975 934 1047 983; x_wconf 88' lang='lat' dir='ltr'><strong>iis,</strong></span> <span class='ocrx_word' id='word_1_103' title='bbox 1094 946 1205 988; x_wconf 83' lang='lat' dir='ltr'><strong>quae</strong></span> <span class='ocrx_word' id='word_1_104' title='bbox 1233 933 1439 976; x_wconf 80' lang='lat' dir='ltr'><strong>Socrates</strong></span> <span class='ocrx_word' id='word_1_105' title='bbox 1463 935 1543 976; x_wconf 89' lang='lat' dir='ltr'><strong>hac</strong></span> <span class='ocrx_word' id='word_1_106' title='bbox 1573 934 1628 977; x_wconf 86' lang='lat' dir='ltr'><strong>de</strong></span> <span class='ocrx_word' id='word_1_107' title='bbox 1656 949 1702 978; x_wconf 86' lang='lat' dir='ltr'><strong>re</strong></span> 
     </span>
     <span class='ocr_line' id='line_1_12' title="bbox 127 1006 1704 1068; baseline -0.001 -15"><span class='ocrx_word' id='word_1_108' title='bbox 127 1014 337 1068; x_wconf 85' lang='lat' dir='ltr'><strong>disputet,</strong></span> <span class='ocrx_word' id='word_1_109' title='bbox 369 1009 495 1066; x_wconf 90' lang='lat' dir='ltr'><strong>plane</strong></span> <span class='ocrx_word' id='word_1_110' title='bbox 518 1006 784 1059; x_wconf 84' lang='lat' dir='ltr'><strong>consentire,</strong></span> <span class='ocrx_word' id='word_1_111' title='bbox 818 1023 872 1051; x_wconf 85' lang='lat' dir='ltr'><strong>ex</strong></span> <span class='ocrx_word' id='word_1_112' title='bbox 898 1011 975 1058; x_wconf 89' lang='lat' dir='ltr'><strong>iis,</strong></span> <span class='ocrx_word' id='word_1_113' title='bbox 1009 1023 1117 1064; x_wconf 89' lang='lat' dir='ltr'><strong>quos</strong></span> <span class='ocrx_word' id='word_1_114' title='bbox 1140 1009 1349 1065; x_wconf 70' lang='lat' dir='ltr'><strong>adscripsi</strong></span> <span class='ocrx_word' id='word_1_115' title='bbox 1369 1008 1704 1052; x_wconf 85' lang='lat' dir='ltr'><strong>Memorabilium</strong></span> 
     </span>
     <span class='ocr_line' id='line_1_13' title="bbox 125 1084 1702 1144; baseline -0.002 -13"><span class='ocrx_word' id='word_1_116' title='bbox 125 1089 246 1132; x_wconf 88' lang='lat' dir='ltr'><strong>locos</strong></span> <span class='ocrx_word' id='word_1_117' title='bbox 269 1092 461 1144; x_wconf 86' lang='lat' dir='ltr'><strong>apparet.</strong></span> <span class='ocrx_word' id='word_1_118' title='bbox 526 1084 740 1136; x_wconf 82' lang='lat' dir='ltr'><strong>Alterum,</strong></span> <span class='ocrx_word' id='word_1_119' title='bbox 781 1100 864 1141; x_wconf 92' lang='lat' dir='ltr'><strong>quo</strong></span> <span class='ocrx_word' id='word_1_120' title='bbox 894 1086 1049 1128; x_wconf 85' lang='lat' dir='ltr'><strong>efficiat</strong></span> <span class='ocrx_word' id='word_1_121' title='bbox 1075 1087 1297 1141; x_wconf 82' lang='lat' dir='ltr'><strong>princeps,</strong></span> <span class='ocrx_word' id='word_1_122' title='bbox 1328 1091 1374 1128; x_wconf 89' lang='lat' dir='ltr'><strong>ut</strong></span> <span class='ocrx_word' id='word_1_123' title='bbox 1402 1085 1581 1129; x_wconf 84' lang='lat' dir='ltr'><strong>libenter</strong></span> <span class='ocrx_word' id='word_1_124' title='bbox 1606 1088 1702 1143; x_wconf 86' lang='lat' dir='ltr'><strong>ejus</strong></span> 
     </span>
     <span class='ocr_line' id='line_1_14' title="bbox 117 1158 1701 1221; baseline 0 -16"><span class='ocrx_word' id='word_1_125' title='bbox 117 1165 262 1221; x_wconf 89' lang='lat' dir='ltr'><strong>jussui</strong></span> <span class='ocrx_word' id='word_1_126' title='bbox 284 1165 601 1218; x_wconf 87' lang='lat' dir='ltr'><strong>obtemperetur</strong></span> <span class='ocrx_word' id='word_1_127' title='bbox 622 1175 726 1203; x_wconf 85' lang='lat' dir='ltr'><strong>esse</strong></span> <span class='ocrx_word' id='word_1_128' title='bbox 747 1160 863 1212; x_wconf 92' lang='lat' dir='ltr'><strong>illud,</strong></span> <span class='ocrx_word' id='word_1_129' title='bbox 885 1165 933 1203; x_wconf 93' lang='lat' dir='ltr'><strong>ut</strong></span> <span class='ocrx_word' id='word_1_130' title='bbox 951 1161 1213 1216; x_wconf 86' lang='lat' dir='ltr'><strong>persuadeat</strong></span> <span class='ocrx_word' id='word_1_131' title='bbox 1230 1163 1323 1213; x_wconf 79' lang='grc' dir='ltr'><em>τοῖς</em></span> <span class='ocrx_word' id='word_1_132' title='bbox 1343 1158 1612 1218; x_wconf 80' lang='grc' dir='ltr'><strong><em>ἀρχομένοις,</em></strong></span> <span class='ocrx_word' id='word_1_133' title='bbox 1636 1175 1701 1213; x_wconf 88' lang='lat' dir='ltr'><strong>eo,</strong></span> 
     </span>
     <span class='ocr_line' id='line_1_15' title="bbox 125 1224 1701 1295; baseline -0.002 -13"><span class='ocrx_word' id='word_1_134' title='bbox 125 1241 239 1295; x_wconf 91' lang='lat' dir='ltr'><strong>quod</strong></span> <span class='ocrx_word' id='word_1_135' title='bbox 266 1240 349 1281; x_wconf 91' lang='lat' dir='ltr'><strong>sibi</strong></span> <span class='ocrx_word' id='word_1_136' title='bbox 378 1239 598 1286; x_wconf 87' lang='lat' dir='ltr'><strong>obediant,</strong></span> <span class='ocrx_word' id='word_1_137' title='bbox 631 1238 752 1292; x_wconf 90' lang='lat' dir='ltr'><strong>ipsos</strong></span> <span class='ocrx_word' id='word_1_138' title='bbox 779 1242 824 1280; x_wconf 91' lang='lat' dir='ltr'><strong>et</strong></span> <span class='ocrx_word' id='word_1_139' title='bbox 846 1238 1039 1279; x_wconf 88' lang='lat' dir='ltr'><strong>virtutem</strong></span> <span class='ocrx_word' id='word_1_140' title='bbox 1064 1238 1248 1279; x_wconf 88' lang='lat' dir='ltr'><strong>nancisci</strong></span> <span class='ocrx_word' id='word_1_141' title='bbox 1276 1224 1564 1280; x_wconf 82' lang='lat' dir='ltr'><strong>etutilitatem</strong></span> <span class='ocrx_word' id='word_1_142' title='bbox 1585 1237 1701 1293; x_wconf 83' lang='lat' dir='ltr'><strong>(Cyr.</strong></span> 
     </span>
     <span class='ocr_line' id='line_1_16' title="bbox 124 1312 1699 1369; baseline -0.001 -12"><span class='ocrx_word' id='word_1_143' title='bbox 124 1316 165 1366; x_wconf 87' lang='grc'><strong>8,</strong></span> <span class='ocrx_word' id='word_1_144' title='bbox 190 1315 228 1365; x_wconf 91' lang='grc'><strong>1,</strong></span> <span class='ocrx_word' id='word_1_145' title='bbox 250 1315 350 1367; x_wconf 84' lang='grc'>29);</span> <span class='ocrx_word' id='word_1_146' title='bbox 383 1314 496 1369; x_wconf 89' lang='lat' dir='ltr'><strong>quod</strong></span> <span class='ocrx_word' id='word_1_147' title='bbox 516 1318 563 1355; x_wconf 91' lang='lat' dir='ltr'><strong>ut</strong></span> <span class='ocrx_word' id='word_1_148' title='bbox 583 1313 725 1363; x_wconf 86' lang='lat' dir='ltr'><strong>saciat,</strong></span> <span class='ocrx_word' id='word_1_149' title='bbox 759 1326 849 1362; x_wconf 90' lang='lat' dir='ltr'><strong>eos,</strong></span> <span class='ocrx_word' id='word_1_150' title='bbox 883 1314 953 1367; x_wconf 90' lang='lat' dir='ltr'><strong>qui</strong></span> <span class='ocrx_word' id='word_1_151' title='bbox 973 1326 1060 1354; x_wconf 90' lang='lat' dir='ltr'><strong>rem</strong></span> <span class='ocrx_word' id='word_1_152' title='bbox 1082 1326 1202 1354; x_wconf 87' lang='lat' dir='ltr'><strong>suam</strong></span> <span class='ocrx_word' id='word_1_153' title='bbox 1224 1313 1331 1354; x_wconf 89' lang='lat' dir='ltr'><strong>bene</strong></span> <span class='ocrx_word' id='word_1_154' title='bbox 1353 1314 1579 1367; x_wconf 83' lang='lat' dir='ltr'><strong>gesserint,</strong></span> <span class='ocrx_word' id='word_1_155' title='bbox 1611 1312 1699 1355; x_wconf 83' lang='lat' dir='ltr'><strong>lau-</strong></span> 
     </span>
     <span class='ocr_line' id='line_1_17' title="bbox 125 1388 1701 1443; baseline -0.002 -9"><span class='ocrx_word' id='word_1_156' title='bbox 125 1392 199 1434; x_wconf 91' lang='lat' dir='ltr'><strong>det</strong></span> <span class='ocrx_word' id='word_1_157' title='bbox 225 1396 270 1434; x_wconf 89' lang='lat' dir='ltr'><strong>et</strong></span> <span class='ocrx_word' id='word_1_158' title='bbox 298 1391 407 1432; x_wconf 93' lang='lat' dir='ltr'><strong>omni</strong></span> <span class='ocrx_word' id='word_1_159' title='bbox 432 1391 633 1431; x_wconf 87' lang='lat' dir='ltr'><strong>honorum</strong></span> <span class='ocrx_word' id='word_1_160' title='bbox 654 1393 937 1443; x_wconf 88' lang='lat' dir='ltr'><strong>persequatur</strong></span> <span class='ocrx_word' id='word_1_161' title='bbox 957 1402 1114 1442; x_wconf 88' lang='lat' dir='ltr'><strong>genere</strong></span> <span class='ocrx_word' id='word_1_162' title='bbox 1137 1392 1332 1443; x_wconf 88' lang='lat' dir='ltr'><strong>oportere</strong></span> <span class='ocrx_word' id='word_1_163' title='bbox 1362 1388 1478 1443; x_wconf 85' lang='lat' dir='ltr'><strong>(Cyr.</strong></span> <span class='ocrx_word' id='word_1_164' title='bbox 1499 1390 1542 1442; x_wconf 90' lang='grc'><strong>2,</strong></span> <span class='ocrx_word' id='word_1_165' title='bbox 1562 1389 1609 1443; x_wconf 87' lang='grc'><strong>2,</strong></span> <span class='ocrx_word' id='word_1_166' title='bbox 1633 1388 1701 1431; x_wconf 90' lang='grc'>17.</span> 
     </span>
     <span class='ocr_line' id='line_1_18' title="bbox 123 1451 1700 1520; baseline -0.001 -10"><span class='ocrx_word' id='word_1_167' title='bbox 123 1467 195 1510; x_wconf 72' lang='lat'><strong>21.</strong></span> <span class='ocrx_word' id='word_1_168' title='bbox 234 1466 277 1517; x_wconf 78' lang='lat'><strong>2,</strong></span> <span class='ocrx_word' id='word_1_169' title='bbox 299 1465 341 1517; x_wconf 86' lang='lat'><strong>3,</strong></span> <span class='ocrx_word' id='word_1_170' title='bbox 368 1465 435 1508; x_wconf 76' lang='lat'><strong>12.</strong></span> <span class='ocrx_word' id='word_1_171' title='bbox 476 1464 518 1515; x_wconf 83' lang='lat'><strong>3,</strong></span> <span class='ocrx_word' id='word_1_172' title='bbox 540 1463 582 1515; x_wconf 82' lang='lat'><strong>3,</strong></span> <span class='ocrx_word' id='word_1_173' title='bbox 605 1463 674 1506; x_wconf 72' lang='lat'><strong>52.</strong></span> <span class='ocrx_word' id='word_1_174' title='bbox 706 1463 749 1517; x_wconf 81' lang='lat'><strong>7,</strong></span> <span class='ocrx_word' id='word_1_175' title='bbox 770 1464 812 1514; x_wconf 75' lang='lat'><strong>2,</strong></span> <span class='ocrx_word' id='word_1_176' title='bbox 834 1463 875 1506; x_wconf 82' lang='lat'><strong>6.</strong></span> <span class='ocrx_word' id='word_1_177' title='bbox 908 1462 949 1514; x_wconf 78' lang='lat'><strong>7,</strong></span> <span class='ocrx_word' id='word_1_178' title='bbox 973 1463 1017 1513; x_wconf 83' lang='lat'><strong>5,</strong></span> <span class='ocrx_word' id='word_1_179' title='bbox 1039 1463 1110 1506; x_wconf 83' lang='lat'><strong>35.</strong></span> <span class='ocrx_word' id='word_1_180' title='bbox 1144 1463 1241 1518; x_wconf 82' lang='lat'>85);</span> <span class='ocrx_word' id='word_1_181' title='bbox 1274 1478 1351 1506; x_wconf 74' lang='lat' dir='ltr'><strong>eos</strong></span> <span class='ocrx_word' id='word_1_182' title='bbox 1373 1478 1473 1507; x_wconf 77' lang='lat' dir='ltr'><strong>vero</strong></span> <span class='ocrx_word' id='word_1_183' title='bbox 1495 1466 1565 1520; x_wconf 88' lang='lat' dir='ltr'><strong>qui</strong></span> <span class='ocrx_word' id='word_1_184' title='bbox 1588 1451 1700 1508; x_wconf 59' lang='lat' dir='ltr'><strong>dieto</strong></span> 
     </span>
     <span class='ocr_line' id='line_1_19' title="bbox 123 1540 1699 1596; baseline -0.001 -12"><span class='ocrx_word' id='word_1_185' title='bbox 123 1559 203 1584; x_wconf 91' lang='lat' dir='ltr'><strong>non</strong></span> <span class='ocrx_word' id='word_1_186' title='bbox 232 1543 388 1583; x_wconf 84' lang='lat' dir='ltr'><strong>fuerint</strong></span> <span class='ocrx_word' id='word_1_187' title='bbox 417 1541 642 1582; x_wconf 87' lang='lat' dir='ltr'><strong>audientes</strong></span> <span class='ocrx_word' id='word_1_188' title='bbox 672 1553 774 1581; x_wconf 88' lang='lat' dir='ltr'><strong>esse</strong></span> <span class='ocrx_word' id='word_1_189' title='bbox 800 1540 1177 1595; x_wconf 89' lang='lat' dir='ltr'><strong>reprehendendos</strong></span> <span class='ocrx_word' id='word_1_190' title='bbox 1200 1546 1245 1582; x_wconf 92' lang='lat' dir='ltr'><strong>et</strong></span> <span class='ocrx_word' id='word_1_191' title='bbox 1264 1541 1500 1595; x_wconf 88' lang='lat' dir='ltr'><strong>puniendos</strong></span> <span class='ocrx_word' id='word_1_192' title='bbox 1521 1540 1636 1596; x_wconf 86' lang='lat' dir='ltr'><strong>(Cyr.</strong></span> <span class='ocrx_word' id='word_1_193' title='bbox 1658 1540 1699 1591; x_wconf 83' lang='lat'><strong>8,</strong></span> 
     </span>
     <span class='ocr_line' id='line_1_20' title="bbox 123 1615 1699 1672; baseline -0.002 -12"><span class='ocrx_word' id='word_1_194' title='bbox 123 1617 166 1666; x_wconf 83' lang='lat'><strong>3,</strong></span> <span class='ocrx_word' id='word_1_195' title='bbox 192 1618 290 1671; x_wconf 90' lang='grc'>21).</span> <span class='ocrx_word' id='word_1_196' title='bbox 352 1617 474 1658; x_wconf 87' lang='lat' dir='ltr'><strong>Hanc</strong></span> <span class='ocrx_word' id='word_1_197' title='bbox 501 1616 653 1670; x_wconf 88' lang='lat' dir='ltr'><strong>agendi</strong></span> <span class='ocrx_word' id='word_1_198' title='bbox 682 1616 884 1657; x_wconf 87' lang='lat' dir='ltr'><strong>rationem</strong></span> <span class='ocrx_word' id='word_1_199' title='bbox 911 1615 1037 1670; x_wconf 89' lang='lat' dir='ltr'><strong>plane</strong></span> <span class='ocrx_word' id='word_1_200' title='bbox 1058 1616 1264 1671; x_wconf 88' lang='lat' dir='ltr'><strong>proficisci</strong></span> <span class='ocrx_word' id='word_1_201' title='bbox 1287 1630 1340 1657; x_wconf 84' lang='lat' dir='ltr'><strong>ex</strong></span> <span class='ocrx_word' id='word_1_202' title='bbox 1354 1617 1524 1672; x_wconf 86' lang='lat' dir='ltr'><strong>justitia</strong></span> <span class='ocrx_word' id='word_1_203' title='bbox 1551 1617 1699 1671; x_wconf 83' lang='lat' dir='ltr'><strong>princi-</strong></span> 
     </span>
     <span class='ocr_line' id='line_1_21' title="bbox 126 1691 1702 1748; baseline -0.001 -15"><span class='ocrx_word' id='word_1_204' title='bbox 126 1695 215 1748; x_wconf 82' lang='lat' dir='ltr'><strong>pis,</strong></span> <span class='ocrx_word' id='word_1_205' title='bbox 248 1692 372 1733; x_wconf 90' lang='lat' dir='ltr'><strong>facile</strong></span> <span class='ocrx_word' id='word_1_206' title='bbox 395 1694 577 1745; x_wconf 89' lang='lat' dir='ltr'><strong>quisque</strong></span> <span class='ocrx_word' id='word_1_207' title='bbox 599 1691 806 1731; x_wconf 88' lang='lat' dir='ltr'><strong>concedet</strong></span> <span class='ocrx_word' id='word_1_208' title='bbox 832 1692 1030 1732; x_wconf 88' lang='lat' dir='ltr'><strong>memoria</strong></span> <span class='ocrx_word' id='word_1_209' title='bbox 1050 1697 1222 1741; x_wconf 91' lang='lat' dir='ltr'><strong>tenens,</strong></span> <span class='ocrx_word' id='word_1_210' title='bbox 1254 1706 1280 1733; x_wconf 93' lang='lat' dir='ltr'><strong>a</strong></span> <span class='ocrx_word' id='word_1_211' title='bbox 1299 1692 1584 1746; x_wconf 89' lang='lat' dir='ltr'><strong>Xenophonte</strong></span> <span class='ocrx_word' id='word_1_212' title='bbox 1606 1706 1702 1734; x_wconf 91' lang='lat' dir='ltr'><strong>eum</strong></span> 
     </span>
     <span class='ocr_line' id='line_1_22' title="bbox 117 1765 1701 1825; baseline -0.001 -14"><span class='ocrx_word' id='word_1_213' title='bbox 117 1771 282 1825; x_wconf 87' lang='lat' dir='ltr'><strong>justum</strong></span> <span class='ocrx_word' id='word_1_214' title='bbox 303 1768 515 1817; x_wconf 87' lang='lat' dir='ltr'><strong>nominari,</strong></span> <span class='ocrx_word' id='word_1_215' title='bbox 550 1767 619 1822; x_wconf 93' lang='lat' dir='ltr'><strong>qui</strong></span> <span class='ocrx_word' id='word_1_216' title='bbox 641 1766 793 1808; x_wconf 92' lang='lat' dir='ltr'><strong>eodem</strong></span> <span class='ocrx_word' id='word_1_217' title='bbox 813 1766 936 1808; x_wconf 93' lang='lat' dir='ltr'><strong>modo</strong></span> <span class='ocrx_word' id='word_1_218' title='bbox 959 1771 1059 1821; x_wconf 86' lang='lat' dir='ltr'><strong>agat</strong></span> <span class='ocrx_word' id='word_1_219' title='bbox 1080 1780 1172 1808; x_wconf 90' lang='lat' dir='ltr'><strong>cum</strong></span> <span class='ocrx_word' id='word_1_220' title='bbox 1193 1765 1340 1817; x_wconf 89' lang='lat' dir='ltr'><strong>altero,</strong></span> <span class='ocrx_word' id='word_1_221' title='bbox 1364 1767 1571 1821; x_wconf 89' lang='lat' dir='ltr'><strong>quomodo</strong></span> <span class='ocrx_word' id='word_1_222' title='bbox 1594 1766 1701 1811; x_wconf 88' lang='lat' dir='ltr'><strong>alter</strong></span> 
     </span>
     <span class='ocr_line' id='line_1_23' title="bbox 124 1840 1700 1898; baseline 0.001 -14"><span class='ocrx_word' id='word_1_223' title='bbox 124 1858 217 1884; x_wconf 87' lang='lat' dir='ltr'><strong>cum</strong></span> <span class='ocrx_word' id='word_1_224' title='bbox 247 1844 342 1898; x_wconf 88' lang='lat' dir='ltr'><strong>ipso</strong></span> <span class='ocrx_word' id='word_1_225' title='bbox 376 1842 492 1896; x_wconf 88' lang='lat' dir='ltr'><strong>(Cyr.</strong></span> <span class='ocrx_word' id='word_1_226' title='bbox 518 1842 560 1891; x_wconf 86' lang='lat'><strong>6,</strong></span> <span class='ocrx_word' id='word_1_227' title='bbox 594 1841 631 1890; x_wconf 90' lang='lat'><strong>1,</strong></span> <span class='ocrx_word' id='word_1_228' title='bbox 660 1840 759 1894; x_wconf 82' lang='lat'>47);</span> <span class='ocrx_word' id='word_1_229' title='bbox 813 1841 881 1883; x_wconf 89' lang='lat' dir='ltr'><strong>vel</strong></span> <span class='ocrx_word' id='word_1_230' title='bbox 912 1842 1262 1896; x_wconf 87' lang='lat' dir='ltr'><strong>quemadmodum</strong></span> <span class='ocrx_word' id='word_1_231' title='bbox 1294 1841 1389 1884; x_wconf 85' lang='lat' dir='ltr'><strong>aliis</strong></span> <span class='ocrx_word' id='word_1_232' title='bbox 1420 1841 1527 1885; x_wconf 92' lang='lat' dir='ltr'><strong>locis</strong></span> <span class='ocrx_word' id='word_1_233' title='bbox 1559 1843 1700 1885; x_wconf 85' lang='lat' dir='ltr'><strong>dicere</strong></span> 
     </span>
     <span class='ocr_line' id='line_1_24' title="bbox 124 1918 1700 1973; baseline -0.001 -11"><span class='ocrx_word' id='word_1_234' title='bbox 124 1918 249 1973; x_wconf 88' lang='lat' dir='ltr'><strong>solet,</strong></span> <span class='ocrx_word' id='word_1_235' title='bbox 284 1933 378 1962; x_wconf 86' lang='lat' dir='ltr'><strong>eum</strong></span> <span class='ocrx_word' id='word_1_236' title='bbox 403 1931 507 1960; x_wconf 91' lang='lat' dir='ltr'><strong>esse</strong></span> <span class='ocrx_word' id='word_1_237' title='bbox 522 1919 700 1973; x_wconf 88' lang='lat' dir='ltr'><strong>justum,</strong></span> <span class='ocrx_word' id='word_1_238' title='bbox 733 1919 802 1972; x_wconf 93' lang='lat' dir='ltr'><strong>qui</strong></span> <span class='ocrx_word' id='word_1_239' title='bbox 824 1919 982 1960; x_wconf 87' lang='lat' dir='ltr'><strong>amicos</strong></span> <span class='ocrx_word' id='word_1_240' title='bbox 1004 1919 1221 1960; x_wconf 90' lang='lat' dir='ltr'><strong>beneficiis</strong></span> <span class='ocrx_word' id='word_1_241' title='bbox 1243 1918 1477 1968; x_wconf 84' lang='lat' dir='ltr'><strong>afficiendo,</strong></span> <span class='ocrx_word' id='word_1_242' title='bbox 1513 1920 1700 1961; x_wconf 90' lang='lat' dir='ltr'><strong>inimicos</strong></span> 
     </span>
     <span class='ocr_line' id='line_1_25' title="bbox 126 1991 1700 2048; baseline 0.001 -12"><span class='ocrx_word' id='word_1_243' title='bbox 126 1996 315 2037; x_wconf 88' lang='lat' dir='ltr'><strong>nocendo</strong></span> <span class='ocrx_word' id='word_1_244' title='bbox 337 1995 478 2036; x_wconf 85' lang='lat' dir='ltr'><strong>vincat</strong></span> <span class='ocrx_word' id='word_1_245' title='bbox 498 1993 614 2048; x_wconf 86' lang='lat' dir='ltr'><strong>(Cyr.</strong></span> <span class='ocrx_word' id='word_1_246' title='bbox 636 1992 678 2042; x_wconf 95' lang='lat'><strong>5,</strong></span> <span class='ocrx_word' id='word_1_247' title='bbox 700 1992 741 2042; x_wconf 89' lang='lat'><strong>3,</strong></span> <span class='ocrx_word' id='word_1_248' title='bbox 764 1992 835 2035; x_wconf 88' lang='grc'><strong>32.</strong></span> <span class='ocrx_word' id='word_1_249' title='bbox 878 1992 915 2042; x_wconf 93' lang='grc'><strong>1,</strong></span> <span class='ocrx_word' id='word_1_250' title='bbox 936 1993 979 2045; x_wconf 88' lang='lat'><strong>5,</strong></span> <span class='ocrx_word' id='word_1_251' title='bbox 1005 1991 1071 2035; x_wconf 88' lang='grc'><strong>13.</strong></span> <span class='ocrx_word' id='word_1_252' title='bbox 1107 1992 1145 2044; x_wconf 92' lang='grc'><strong>1,</strong></span> <span class='ocrx_word' id='word_1_253' title='bbox 1169 1993 1210 2043; x_wconf 85' lang='grc'><strong>4,</strong></span> <span class='ocrx_word' id='word_1_254' title='bbox 1231 1992 1303 2037; x_wconf 78' lang='grc'>25.</span> <span class='ocrx_word' id='word_1_255' title='bbox 1333 1993 1375 2044; x_wconf 91' lang='grc'><strong>8,</strong></span> <span class='ocrx_word' id='word_1_256' title='bbox 1397 1993 1439 2044; x_wconf 93' lang='grc'><strong>7,</strong></span> <span class='ocrx_word' id='word_1_257' title='bbox 1461 1993 1531 2037; x_wconf 82' lang='grc'>28.</span> <span class='ocrx_word' id='word_1_258' title='bbox 1561 1995 1700 2038; x_wconf 87' lang='lat' dir='ltr'><strong>Anab.</strong></span> 
     </span>
     <span class='ocr_line' id='line_1_26' title="bbox 129 2068 1700 2126; baseline -0.001 -13"><span class='ocrx_word' id='word_1_259' title='bbox 129 2070 167 2121; x_wconf 90' lang='lat'><strong>1,</strong></span> <span class='ocrx_word' id='word_1_260' title='bbox 189 2070 231 2120; x_wconf 89' lang='grc'><strong>9,</strong></span> <span class='ocrx_word' id='word_1_261' title='bbox 259 2069 325 2112; x_wconf 91' lang='grc'><strong>11.</strong></span> <span class='ocrx_word' id='word_1_262' title='bbox 365 2069 408 2122; x_wconf 87' lang='grc'><strong>2,</strong></span> <span class='ocrx_word' id='word_1_263' title='bbox 429 2068 472 2124; x_wconf 87' lang='grc'><strong>3,</strong></span> <span class='ocrx_word' id='word_1_264' title='bbox 494 2068 563 2112; x_wconf 87' lang='grc'><strong>23.</strong></span> <span class='ocrx_word' id='word_1_265' title='bbox 602 2070 655 2112; x_wconf 86' lang='lat' dir='ltr'><strong>cf.</strong></span> <span class='ocrx_word' id='word_1_266' title='bbox 681 2070 809 2112; x_wconf 90' lang='lat' dir='ltr'><strong>Mem.</strong></span> <span class='ocrx_word' id='word_1_267' title='bbox 838 2069 880 2119; x_wconf 89' lang='grc'><strong>2,</strong></span> <span class='ocrx_word' id='word_1_268' title='bbox 902 2068 945 2121; x_wconf 89' lang='grc'><strong>3,</strong></span> <span class='ocrx_word' id='word_1_269' title='bbox 970 2069 1054 2121; x_wconf 85' lang='grc'>14).</span> <span class='ocrx_word' id='word_1_270' title='bbox 1115 2070 1278 2125; x_wconf 89' lang='lat' dir='ltr'><strong>Aperte</strong></span> <span class='ocrx_word' id='word_1_271' title='bbox 1308 2085 1477 2126; x_wconf 90' lang='lat' dir='ltr'><strong>quoque</strong></span> <span class='ocrx_word' id='word_1_272' title='bbox 1506 2071 1626 2126; x_wconf 88' lang='lat' dir='ltr'><strong>(Cyr.</strong></span> <span class='ocrx_word' id='word_1_273' title='bbox 1658 2071 1700 2125; x_wconf 87' lang='lat'><strong>1,</strong></span> 
     </span>
     <span class='ocr_line' id='line_1_27' title="bbox 124 2144 1702 2202; baseline 0.001 -13"><span class='ocrx_word' id='word_1_274' title='bbox 124 2146 166 2199; x_wconf 90' lang='lat'><strong>5,</strong></span> <span class='ocrx_word' id='word_1_275' title='bbox 188 2146 235 2200; x_wconf 90' lang='grc'><strong>9)</strong></span> <span class='ocrx_word' id='word_1_276' title='bbox 263 2147 501 2202; x_wconf 82' lang='lat' dir='ltr'><strong>profitetur,</strong></span> <span class='ocrx_word' id='word_1_277' title='bbox 534 2159 584 2187; x_wconf 92' lang='lat' dir='ltr'><strong>se</strong></span> <span class='ocrx_word' id='word_1_278' title='bbox 606 2144 939 2202; x_wconf 66' lang='lat' dir='ltr'><strong>judice&#39;nullam</strong></span> <span class='ocrx_word' id='word_1_279' title='bbox 967 2147 1020 2187; x_wconf 89' lang='lat' dir='ltr'><strong>ab</strong></span> <span class='ocrx_word' id='word_1_280' title='bbox 1049 2146 1283 2188; x_wconf 90' lang='lat' dir='ltr'><strong>hominibus</strong></span> <span class='ocrx_word' id='word_1_281' title='bbox 1306 2146 1386 2188; x_wconf 91' lang='lat' dir='ltr'><strong>coli</strong></span> <span class='ocrx_word' id='word_1_282' title='bbox 1407 2148 1624 2202; x_wconf 87' lang='lat' dir='ltr'><strong>virtutem,</strong></span> <span class='ocrx_word' id='word_1_283' title='bbox 1654 2153 1702 2191; x_wconf 87' lang='lat' dir='ltr'><strong>ut</strong></span> 
     </span>
     <span class='ocr_line' id='line_1_28' title="bbox 125 2220 1700 2279; baseline 0.001 -14"><span class='ocrx_word' id='word_1_284' title='bbox 125 2238 177 2265; x_wconf 92' lang='lat' dir='ltr'><strong>ne</strong></span> <span class='ocrx_word' id='word_1_285' title='bbox 192 2224 263 2278; x_wconf 89' lang='lat' dir='ltr'><strong>qui</strong></span> <span class='ocrx_word' id='word_1_286' title='bbox 284 2237 377 2265; x_wconf 86' lang='lat' dir='ltr'><strong>eam</strong></span> <span class='ocrx_word' id='word_1_287' title='bbox 401 2220 541 2264; x_wconf 88' lang='lat' dir='ltr'><strong>colant</strong></span> <span class='ocrx_word' id='word_1_288' title='bbox 561 2221 734 2264; x_wconf 87' lang='lat' dir='ltr'><strong>meliore</strong></span> <span class='ocrx_word' id='word_1_289' title='bbox 755 2228 924 2265; x_wconf 89' lang='lat' dir='ltr'><strong>utantur</strong></span> <span class='ocrx_word' id='word_1_290' title='bbox 946 2222 1184 2265; x_wconf 87' lang='lat' dir='ltr'><strong>conditione</strong></span> <span class='ocrx_word' id='word_1_291' title='bbox 1207 2237 1330 2278; x_wconf 90' lang='lat' dir='ltr'><strong>quam</strong></span> <span class='ocrx_word' id='word_1_292' title='bbox 1351 2224 1539 2278; x_wconf 87' lang='lat' dir='ltr'><strong>improbi,</strong></span> <span class='ocrx_word' id='word_1_293' title='bbox 1561 2238 1700 2279; x_wconf 87' lang='lat' dir='ltr'><strong>neque</strong></span> 
     </span>
     <span class='ocr_line' id='line_1_29' title="bbox 125 2297 1699 2356; baseline 0.001 -13"><span class='ocrx_word' id='word_1_294' title='bbox 125 2313 216 2350; x_wconf 87' lang='lat' dir='ltr'><strong>eos,</strong></span> <span class='ocrx_word' id='word_1_295' title='bbox 240 2300 309 2355; x_wconf 93' lang='lat' dir='ltr'><strong>qui</strong></span> <span class='ocrx_word' id='word_1_296' title='bbox 332 2297 619 2355; x_wconf 87' lang='lat' dir='ltr'><strong>voluptatibus</strong></span> <span class='ocrx_word' id='word_1_297' title='bbox 641 2300 884 2342; x_wconf 87' lang='lat' dir='ltr'><strong>abstineant</strong></span> <span class='ocrx_word' id='word_1_298' title='bbox 903 2299 1218 2355; x_wconf 87' lang='lat' dir='ltr'><strong>praesentibus,</strong></span> <span class='ocrx_word' id='word_1_299' title='bbox 1240 2299 1283 2341; x_wconf 91' lang='lat' dir='ltr'><strong>id</strong></span> <span class='ocrx_word' id='word_1_300' title='bbox 1298 2304 1524 2356; x_wconf 84' lang='lat' dir='ltr'><strong>propterea</strong></span> <span class='ocrx_word' id='word_1_301' title='bbox 1540 2300 1699 2355; x_wconf 86' lang='lat' dir='ltr'><strong>facere,</strong></span> 
     </span>
     <span class='ocr_line' id='line_1_30' title="bbox 125 2374 1699 2432; baseline 0.001 -16"><span class='ocrx_word' id='word_1_302' title='bbox 125 2381 171 2418; x_wconf 94' lang='lat' dir='ltr'><strong>ut</strong></span> <span class='ocrx_word' id='word_1_303' title='bbox 191 2390 399 2429; x_wconf 87' lang='lat' dir='ltr'><strong>nunquam</strong></span> <span class='ocrx_word' id='word_1_304' title='bbox 423 2374 711 2430; x_wconf 88' lang='lat' dir='ltr'><strong>voluptatibus</strong></span> <span class='ocrx_word' id='word_1_305' title='bbox 732 2376 919 2417; x_wconf 86' lang='lat' dir='ltr'><strong>fruantur</strong></span> <span class='ocrx_word' id='word_1_306' title='bbox 940 2376 1149 2424; x_wconf 88' lang='lat' dir='ltr'><strong>honestis,</strong></span> <span class='ocrx_word' id='word_1_307' title='bbox 1180 2376 1261 2417; x_wconf 90' lang='lat' dir='ltr'><strong>sed</strong></span> <span class='ocrx_word' id='word_1_308' title='bbox 1281 2381 1329 2418; x_wconf 92' lang='lat' dir='ltr'><strong>ut</strong></span> <span class='ocrx_word' id='word_1_309' title='bbox 1349 2377 1403 2417; x_wconf 93' lang='lat' dir='ltr'><strong>ob</strong></span> <span class='ocrx_word' id='word_1_310' title='bbox 1425 2378 1563 2432; x_wconf 89' lang='lat' dir='ltr'><strong>ipsam</strong></span> <span class='ocrx_word' id='word_1_311' title='bbox 1583 2376 1699 2420; x_wconf 87' lang='lat' dir='ltr'><strong>illam</strong></span> 
     </span>
     <span class='ocr_line' id='line_1_31' title="bbox 125 2451 1700 2509; baseline 0.001 -15"><span class='ocrx_word' id='word_1_312' title='bbox 125 2452 424 2494; x_wconf 88' lang='lat' dir='ltr'><strong>abstinentiam</strong></span> <span class='ocrx_word' id='word_1_313' title='bbox 452 2466 503 2494; x_wconf 92' lang='lat' dir='ltr'><strong>eo</strong></span> <span class='ocrx_word' id='word_1_314' title='bbox 532 2452 669 2508; x_wconf 87' lang='lat' dir='ltr'><strong>magis</strong></span> <span class='ocrx_word' id='word_1_315' title='bbox 696 2452 735 2493; x_wconf 92' lang='lat' dir='ltr'><strong>in</strong></span> <span class='ocrx_word' id='word_1_316' title='bbox 765 2457 984 2509; x_wconf 86' lang='lat' dir='ltr'><strong>posterum</strong></span> <span class='ocrx_word' id='word_1_317' title='bbox 1013 2451 1295 2504; x_wconf 85' lang='lat' dir='ltr'><strong>delectentur3</strong></span> <span class='ocrx_word' id='word_1_318' title='bbox 1329 2457 1472 2495; x_wconf 85' lang='lat' dir='ltr'><strong>contra</strong></span> <span class='ocrx_word' id='word_1_319' title='bbox 1499 2466 1598 2507; x_wconf 85' lang='lat' dir='ltr'><strong>eos,</strong></span> <span class='ocrx_word' id='word_1_320' title='bbox 1630 2454 1700 2509; x_wconf 89' lang='lat' dir='ltr'><strong>qui</strong></span> 
     </span>
     <span class='ocr_line' id='line_1_32' title="bbox 124 2528 1699 2583; baseline 0.001 -13"><span class='ocrx_word' id='word_1_321' title='bbox 124 2529 316 2582; x_wconf 90' lang='lat' dir='ltr'><strong>quamvis</strong></span> <span class='ocrx_word' id='word_1_322' title='bbox 346 2542 421 2582; x_wconf 90' lang='lat' dir='ltr'><strong>per</strong></span> <span class='ocrx_word' id='word_1_323' title='bbox 447 2533 580 2570; x_wconf 90' lang='lat' dir='ltr'><strong>totam</strong></span> <span class='ocrx_word' id='word_1_324' title='bbox 601 2530 729 2571; x_wconf 90' lang='lat' dir='ltr'><strong>vitam</strong></span> <span class='ocrx_word' id='word_1_325' title='bbox 758 2529 925 2570; x_wconf 90' lang='lat' dir='ltr'><strong>virtutis</strong></span> <span class='ocrx_word' id='word_1_326' title='bbox 954 2528 1105 2569; x_wconf 88' lang='lat' dir='ltr'><strong>fuerint</strong></span> <span class='ocrx_word' id='word_1_327' title='bbox 1131 2528 1332 2578; x_wconf 88' lang='lat' dir='ltr'><strong>studiosi,</strong></span> <span class='ocrx_word' id='word_1_328' title='bbox 1364 2534 1503 2571; x_wconf 89' lang='lat' dir='ltr'><strong>tamen</strong></span> <span class='ocrx_word' id='word_1_329' title='bbox 1532 2543 1642 2583; x_wconf 89' lang='lat' dir='ltr'><strong>quae</strong></span> <span class='ocrx_word' id='word_1_330' title='bbox 1675 2543 1699 2571; x_wconf 92' lang='lat' dir='ltr'><strong>e</strong></span> 
     </span>
     <span class='ocr_line' id='line_1_33' title="bbox 122 2597 1700 2661; baseline 0.002 -16"><span class='ocrx_word' id='word_1_331' title='bbox 122 2605 278 2647; x_wconf 67' lang='lat' dir='ltr'><strong>virtute</strong></span> <span class='ocrx_word' id='word_1_332' title='bbox 307 2605 474 2658; x_wconf 87' lang='lat' dir='ltr'><strong>possint</strong></span> <span class='ocrx_word' id='word_1_333' title='bbox 501 2606 660 2660; x_wconf 89' lang='lat' dir='ltr'><strong>percipi</strong></span> <span class='ocrx_word' id='word_1_334' title='bbox 694 2604 911 2647; x_wconf 89' lang='lat' dir='ltr'><strong>commoda</strong></span> <span class='ocrx_word' id='word_1_335' title='bbox 938 2620 1018 2646; x_wconf 91' lang='lat' dir='ltr'><strong>non</strong></span> <span class='ocrx_word' id='word_1_336' title='bbox 1047 2597 1374 2661; x_wconf 84' lang='lat' dir='ltr'><strong>consequantur,</strong></span> <span class='ocrx_word' id='word_1_337' title='bbox 1412 2605 1700 2661; x_wconf 79' lang='lat' dir='ltr'><strong>imprudentes</strong></span> 
     </span>
     <span class='ocr_line' id='line_1_34' title="bbox 125 2679 1700 2744; baseline 0.001 -22"><span class='ocrx_word' id='word_1_338' title='bbox 125 2694 228 2723; x_wconf 84' lang='lat' dir='ltr'><strong>esse</strong></span> <span class='ocrx_word' id='word_1_339' title='bbox 258 2681 396 2735; x_wconf 85' lang='lat' dir='ltr'><strong>arguit</strong></span> <span class='ocrx_word' id='word_1_340' title='bbox 424 2680 538 2736; x_wconf 85' lang='lat' dir='ltr'><strong>(Cyr.</strong></span> <span class='ocrx_word' id='word_1_341' title='bbox 568 2681 610 2731; x_wconf 90' lang='grc'><strong>2,</strong></span> <span class='ocrx_word' id='word_1_342' title='bbox 633 2681 674 2731; x_wconf 89' lang='grc'><strong>2,</strong></span> <span class='ocrx_word' id='word_1_343' title='bbox 701 2680 769 2723; x_wconf 91' lang='grc'>17.</span> <span class='ocrx_word' id='word_1_344' title='bbox 809 2682 859 2723; x_wconf 87' lang='lat' dir='ltr'><strong>cf.</strong></span> <span class='ocrx_word' id='word_1_345' title='bbox 887 2681 1015 2744; x_wconf 72' lang='lat' dir='ltr'><strong>Mem.</strong></span> <span class='ocrx_word' id='word_1_346' title='bbox 1043 2679 1085 2731; x_wconf 89' lang='grc'><strong>3,</strong></span> <span class='ocrx_word' id='word_1_347' title='bbox 1107 2681 1149 2731; x_wconf 87' lang='grc'><strong>9,</strong></span> <span class='ocrx_word' id='word_1_348' title='bbox 1172 2682 1230 2734; x_wconf 81' lang='grc'><strong>4).</strong></span> <span class='ocrx_word' id='word_1_349' title='bbox 1297 2682 1399 2724; x_wconf 88' lang='lat' dir='ltr'><strong>lnde</strong></span> <span class='ocrx_word' id='word_1_350' title='bbox 1424 2695 1547 2733; x_wconf 87' lang='lat' dir='ltr'><strong>vero,</strong></span> <span class='ocrx_word' id='word_1_351' title='bbox 1586 2682 1700 2738; x_wconf 88' lang='lat' dir='ltr'><strong>quod</strong></span> 
     </span>
     <span class='ocr_line' id='line_1_35' title="bbox 126 2758 1702 2816; baseline 0 -17"><span class='ocrx_word' id='word_1_352' title='bbox 126 2772 234 2812; x_wconf 88' lang='lat' dir='ltr'><strong>quos</strong></span> <span class='ocrx_word' id='word_1_353' title='bbox 274 2759 413 2798; x_wconf 89' lang='lat' dir='ltr'><strong>bonos</strong></span> <span class='ocrx_word' id='word_1_354' title='bbox 446 2771 548 2799; x_wconf 91' lang='lat' dir='ltr'><strong>esse</strong></span> <span class='ocrx_word' id='word_1_355' title='bbox 581 2758 736 2800; x_wconf 85' lang='lat' dir='ltr'><strong>viderit·</strong></span> <span class='ocrx_word' id='word_1_356' title='bbox 761 2759 958 2814; x_wconf 88' lang='lat' dir='ltr'><strong>princeps</strong></span> <span class='ocrx_word' id='word_1_357' title='bbox 994 2759 1191 2814; x_wconf 85' lang='lat' dir='ltr'><strong>praemiis</strong></span> <span class='ocrx_word' id='word_1_358' title='bbox 1223 2759 1396 2810; x_wconf 85' lang='lat' dir='ltr'><strong>afficiat,</strong></span> <span class='ocrx_word' id='word_1_359' title='bbox 1448 2760 1552 2801; x_wconf 87' lang='lat' dir='ltr'><strong>oriri.</strong></span> <span class='ocrx_word' id='word_1_360' title='bbox 1573 2758 1702 2816; x_wconf 75' lang='lat' dir='ltr'><strong>aliud,</strong></span> 
     </span>
     <span class='ocr_line' id='line_1_36' title="bbox 126 2823 1699 2892; baseline 0.003 -17"><span class='ocrx_word' id='word_1_361' title='bbox 126 2834 238 2889; x_wconf 78' lang='lat' dir='ltr'><strong>quod</strong></span> <span class='ocrx_word' id='word_1_362' title='bbox 264 2849 345 2877; x_wconf 92' lang='lat' dir='ltr'><strong>non</strong></span> <span class='ocrx_word' id='word_1_363' title='bbox 373 2835 492 2890; x_wconf 88' lang='lat' dir='ltr'><strong>parvi</strong></span> <span class='ocrx_word' id='word_1_364' title='bbox 520 2835 577 2877; x_wconf 89' lang='lat' dir='ltr'><strong>sit</strong></span> <span class='ocrx_word' id='word_1_365' title='bbox 602 2835 820 2886; x_wconf 90' lang='lat' dir='ltr'><strong>momenti;</strong></span> <span class='ocrx_word' id='word_1_366' title='bbox 863 2849 1009 2878; x_wconf 88' lang='lat' dir='ltr'><strong>omnes</strong></span> <span class='ocrx_word' id='word_1_367' title='bbox 1039 2836 1167 2886; x_wconf 88' lang='lat' dir='ltr'><strong>enim,</strong></span> <span class='ocrx_word' id='word_1_368' title='bbox 1211 2837 1279 2891; x_wconf 87' lang='lat' dir='ltr'><strong>qui</strong></span> <span class='ocrx_word' id='word_1_369' title='bbox 1303 2841 1480 2892; x_wconf 82' lang='lat' dir='ltr'><strong>propter</strong></span> <span class='ocrx_word' id='word_1_370' title='bbox 1504 2823 1699 2879; x_wconf 87' lang='lat' dir='ltr'><strong>virtutem</strong></span> 
     </span>
    </p>
   </div>
  </div>
 </body>
</html>
