1860 3064
904 175 973 228 29

153 319 333 379 (proleg.
354 322 409 365 ad
430 321 557 368 libell.
580 322 635 365 de
654 335 743 378 rep.
767 322 921 367 Athen.
942 336 984 377 p.
1004 320 1074 368 95,
1097 322 1163 367 ed.
1181 322 1394 378 Sauppe).
1454 321 1609 364 Contra
1622 321 1722 363 Nie-

154 399 330 443 buhrius
352 399 480 455 (aber
507 399 615 442 Xen.
646 398 887 448 Hellenica.
921 413 971 455 p.
991 397 1104 455 467)
1132 399 1364 449 contendit,
1395 398 1728 455 Xenophontem

155 481 241 519 tum
272 475 437 519 demum
469 463 594 518 exilio
627 488 730 517 esse
761 474 976 525 affectum,
1007 477 1107 532 {cum
1137 490 1280 518 comes
1309 475 1504 531 Agesilai
1535 489 1590 518 ex
1618 476 1729 519 Asia

154 541 397 604 rediisset(
427 551 542 606 quod
581 556 651 594 est
685 557 786 607 post
820 546 1000 607 pugnam
1037 552 1150 607 apud
1180 552 1414 594 Coroneam
1428 592 1430 594 ,
1446 553 1727 604 comissam,

154 633 247 669 cnm
283 631 449 671 statuat
486 626 813 683 Xenophontem
850 626 992 683 paullo
1032 632 1133 669 aute
1168 641 1350 683 pugnam
1386 627 1500 683 apud
1536 627 1725 681 Cnidum,

154 716 266 759 quae
292 704 442 747 eodem
463 704 552 746 fere
572 708 763 759 tempore
791 708 862 746 est
888 703 1115 745 commissa
1142 707 1272 758 atque
1298 717 1440 758 pugna
1466 704 1580 760 apud
1600 704 1724 746 Coro-

154 793 276 823 neam
307 780 370 835 (h.
402 793 461 835 gr.
491 779 534 833 4,
565 778 623 830 3,Δ
643 777 842 822 10-13.
883 777 978 832 16),
1014 778 1200 821 Athenis
1232 791 1337 822 esse
1366 784 1592 823 versatum.
1658 781 1728 823 Ad

154 857 407 900 sententiam
428 868 548 897 suam
568 855 807 912 firmandum
829 855 956 897 utitur
976 854 1234 896 Niebuhrius
1262 854 1355 896 loco
1383 856 1599 898 Anabasis
1620 856 1663 908 5,
1682 855 1726 905 3,

152 929 192 976 6.
224 935 308 986 sq.'‚
339 944 422 986 quo
450 929 710 986 Xenophon,
749 928 957 985 quomodo
985 930 1226 985 pecuniam,
1255 944 1379 986 quam
1399 931 1454 974 de
1474 931 1635 987 praeda
1655 946 1723 974 ac-

154 1008 366 1063 cepisset,
398 1006 677 1056 distribuerit,
708 1019 1055 1056 commemorans,
1093 1006 1192 1059 iter,
1231 1006 1344 1061 quod
1375 1006 1624 1063 Agesilaum
1654 1021 1723 1049 se-

151 1087 277 1125 cutus
304 1083 343 1125 in
371 1082 595 1125 Boeotiam
621 1083 881 1138 susceperit,
919 1086 1059 1125 narrat
1086 1083 1212 1135 (sect.
1238 1081 1283 1136 6)
1311 1088 1356 1126 et
1381 1087 1537 1138 postea
1561 1082 1727 1125 demum

152 1162 281 1213 (sect.
301 1157 348 1214 7)
369 1159 512 1209 refert,
533 1172 585 1201 se
607 1157 731 1201 exilio
757 1172 861 1201 esse
880 1157 1111 1201 multatum.
1171 1159 1237 1201 Ac
1257 1159 1355 1200 mihi
1376 1159 1456 1201 hoc
1476 1160 1612 1215 ipsius
1634 1159 1721 1202 Xe-

152 1236 379 1292 nophontis
401 1235 455 1278 de
476 1236 557 1277 hac
577 1248 624 1278 re
644 1235 928 1278 testimonium
949 1240 1034 1278 tam
1054 1249 1183 1290 grave
1205 1235 1390 1286 videtur,
1421 1240 1469 1279 ut
1494 1251 1574 1278 non
1604 1236 1725 1278 dubi-

149 1317 256 1362 tem,
288 1312 384 1367 quin
413 1324 549 1353 meam
578 1317 746 1365 quoque
780 1311 1033 1353 sententiam
1053 1311 1273 1352 Niebuhrii
1293 1311 1531 1353 adscribam
1552 1317 1722 1353 senten-

149 1389 257 1440 tiae,
288 1387 481 1442 quamvis
511 1391 557 1428 et
575 1386 792 1440 Diogenes
812 1386 1012 1429 Laertius
1040 1389 1095 1439 (v.
1125 1386 1234 1431 Xen.
1256 1387 1278 1441 ξ
1307 1385 1336 1428 7
1357 1387 1422 1429 ed.
1443 1387 1657 1440 Bor-nem.)
1680 1393 1725 1429 et

150 1462 391 1504 Pausanias
420 1462 496 1515 (V,
530 1460 577 1513 6)
607 1462 853 1503 contrariam
878 1446 1038 1505 diserte
1066 1466 1276 1504 testentur
1297 1463 1553 1517 opinionem,
1585 1476 1724 1517 neque

152 1552 219 1581 me
240 1538 392 1593 fugiat,
425 1535 591 1580 difficile
620 1528 723 1579 esse
750 1537 884 1588 dictu,
917 1552 1040 1593 quam
1068 1539 1123 1580 ob
1144 1552 1316 1580 causam
1336 1543 1422 1582 tam
1449 1538 1543 1589 diu,
1574 1552 1724 1581 novem

152 1614 243 1656 sere
264 1627 416 1666 annos,
447 1613 485 1654 in
506 1614 616 1655 Asia
635 1614 837 1657 manserit
855 1604 1115 1669 Xenophon,
1148 1615 1226 1655 nisi
1256 1614 1407 1656 civium
1434 1614 1724 1670 prohibuisset

151 1691 312 1743 odium,
343 1690 563 1746 quominus
591 1690 631 1731 in
652 1691 830 1746 patriam
849 1695 1151 1741 reverteretur;
1191 1690 1272 1733 sed
1295 1689 1425 1734 multa
1447 1696 1620 1734 exstant
1638 1689 1723 1733 alia

151 1768 190 1809 in
217 1766 516 1822 Xenophontis
541 1766 629 1808 vita
656 1754 929 1825 explicanda,
967 1780 1078 1822 quae
1110 1767 1200 1822 pari
1229 1765 1420 1810 laborant
1448 1768 1720 1812 obscuritate.

149 1829 356 1885 Eiimium
387 1841 683 1898 Xenophontis
715 1844 754 1883 in
785 1843 1170 1888 Lacedaemonios,
1189 1843 1372 1885 studium
1403 1858 1576 1886 cansam
1607 1843 1719 1885 exilii

149 1919 290 1961 fuisse·
322 1931 467 1961 omnes
504 1920 770 1962 consentiunt
803 1932 942 1974 neque
970 1920 1105 1961 minus
1132 1919 1324 1961 omnibus
1358 1933 1608 1975 persuasum
1637 1925 1720 1970 est,

149 1995 477 2050 Xenophontem
498 1994 664 2037 exulem
684 2009 817 2051 prope
834 1995 1081 2038 Seilluntem
1098 1996 1168 2048 (cs.
1186 1996 1432 2041 Schneider.
1456 1997 1645 2051 epimetr.
1666 1996 1722 2038 ad

151 2064 287 2115 Anah.
307 2069 351 2122 5,
372 2069 414 2122 3,
436 2068 506 2124 8),
537 2070 732 2114 Eleorum
755 2072 974 2128 oppidum,
1014 2072 1176 2115 vixisse
1203 2073 1242 2113 in
1271 2086 1393 2128 agro,
1432 2073 1501 2128 qui
1528 2087 1555 2115 a
1581 2072 1717 2115 Lace-

152 2149 383 2190 daemoniis
413 2153 505 2190 erat
531 2149 571 2190 ei
608 2148 790 2190 donatus
825 2148 898 2200 (cf.
928 2148 1107 2201 Kriiger.
1144 2147 1173 2188 l.
1214 2147 1239 2192 Ι.
1285 2148 1409 2203 Diog.
1444 2148 1590 2191 Laert.
1627 2148 1652 2193 l.
1691 2147 1717 2193 l.

152 2224 174 2280 ξ
201 2223 243 2266 8.
276 2222 448 2280 Spiller.
470 2221 498 2266 l.
536 2222 562 2267 Ι.
598 2238 638 2279 p.
667 2223 736 2269 ⁴8.
774 2222 922 2267 Haase
943 2223 1075 2279 praef.
1099 2223 1154 2266 ad
1173 2237 1300 2279 remp.
1323 2224 1427 2267 Lac.
1449 2238 1490 2279 p.
1518 2222 1608 2278 10),
1641 2224 1716 2266 ihi-

150 2313 232 2355 que
258 2293 417 2348 literis,
457 2300 685 2352 venationi,
730 2300 877 2342 amicis
905 2313 1075 2355 operam
1104 2299 1279 2342 dedisse
1314 2299 1394 2354 (cf.
1421 2300 1561 2343 Anab.
1589 2300 1640 2353 5,
1673 2298 1718 2350 3,

149 2374 336 2430 7-13).
397 2374 493 2425 Quo
523 2376 562 2416 in
583 2376 744 2431 refugio
772 2390 847 2432 per
867 2375 1035 2431 longum
1055 2376 1172 2430 degit
1191 2376 1393 2431 temporis
1415 2377 1600 2431 spatium
1622 2377 1719 2418 inde

147 2451 201 2495 ab
222 2451 292 2495 01.
311 2451 383 2503 96,
406 2451 434 2494 4
454 2465 593 2508 usque
614 2452 669 2495 ad
690 2451 758 2498 ΟΙ.
782 2451 880 2502 102,
900 2452 930 2496 2
951 2451 1020 2495 vel
1041 2453 1167 2495 etiam
1189 2452 1345 2495 diutius
1367 2452 1439 2507 (cf.
1462 2453 1717 2510 Sauppium:

146 2530 279 2584 praes.
298 2529 356 2572 -ad
376 2528 486 2575 Xen.
509 2544 655 2585 opusc.
676 2529 791 2586 polit.
813 2544 852 2586 p.
874 2529 1035 2579 XXX„
1065 2530 1136 2571 ubi
1158 2528 1308 2584 legitur
1329 2528 1398 2575 01.
1418 2529 1492 2581 93,
1513 2528 1716 2580 4-102‚

144 2603 187 2655 2,
220 2605 331 2660 quod
358 2604 461 2647 nihil
482 2606 562 2648 nisi
585 2620 699 2649 error
719 2606 1053 2664 typographicus
1075 2620 1178 2649 esse
1198 2605 1367 2650 videtur
1387 2620 1522 2664 posse
1544 2607 1596 2649 cf.
1618 2605 1715 2648 ibid.

143 2695 187 2738 p.
207 2679 376 2735 Lvll.).
436 2681 560 2725 Anno
582 2684 692 2726 enim
715 2685 904 2727 secundo
920 2682 1000 2729 01.
1031 2681 1116 2726 10⁴2
1142 2682 1257 2734 Elei,
1288 2683 1717 2727 Lacedaemoniorum

146 2757 377 2814 adversarii
404 2757 507 2801 inita
533 2769 626 2801 cum
647 2759 865 2804 Thebanis
886 2761 1116 2810 societate,
1150 2774 1242 2803 cum
1264 2762 1451 2810 exercitu
1474 2762 1512 2802 in
1535 2758 1715 2802 Scillnn-

144 2839 230 2879 tem
258 2836 501 2880 invaserunt
529 2841 574 2880 et
593 2836 892 2894 Xenophontis
922 2851 1065 2894 agrum
1093 2852 1186 2881 cum
1207 2837 1302 2893 aliis
1324 2843 1545 2883 vastarunt
1565 2837 1716 2893 (Kriig.
