1860 3064
905 129 967 181 11

154 271 373 331 praeclara
393 270 448 317 ad
472 274 755 317 fortitudinem
777 273 964 324 indoles,
996 287 1106 328 quae
1128 274 1436 319 demonstratur
1457 278 1501 317 et
1528 274 1567 315 in
1595 286 1719 317 vena-

154 352 269 394 tione
290 355 334 393 et
357 348 580 406 inproelio
611 350 726 406 (Cyr.
749 349 788 401 1,
811 350 853 403 4,
875 349 916 391 8)
946 349 1035 403 24).

272 424 391 469 Talis
412 427 536 482 igitur
556 426 655 482 Cyri
677 431 771 469 erat
792 426 1008 479 educatio,
1039 426 1093 469 ad
1114 439 1238 483 quam
1259 440 1351 468 cum
1372 425 1572 479 accedat,
1610 426 1724 481 quod

154 506 306 546 natura
335 502 483 545 dicitur
504 502 647 556 fuisse
678 502 867 545 discendi
899 507 943 545 et
961 500 1100 545 laudis
1122 502 1299 558 cupidus
1330 499 1459 558 (Cyr.
1484 501 1523 555 1,
1542 501 1586 555 2,
1611 501 1647 545 1.
1683 501 1724 555 1,

153 578 198 631 3,
217 576 257 621 8.
291 577 331 630 1,
351 579 393 632 4,
418 577 486 632 1),
518 592 597 620 non
628 579 772 620 mirum
803 584 892 628 est,
924 579 1035 634 quod
1067 592 1162 620 eum
1193 579 1232 619 in
1265 579 1455 620 omnibus
1485 579 1615 621 rebus
1639 577 1723 620 iliis

154 654 419 709 insigniorem
440 652 565 709 longe
586 652 837 708 aequalibus
859 652 1086 709 (Gyr.1‚3,
1113 653 1149 695 1.
1185 652 1252 695 15.
1288 652 1385 707 1,,5,
1405 652 1449 706 1)
1473 658 1516 696 et
1531 659 1719 709 propter-

156 743 230 780 ea,
270 735 497 784 postquam
536 734 721 772 aetatem
759 728 918 770 virilem
947 729 1169 783 ingressus
1201 733 1290 779 est,
1333 728 1481 771 ducem
1512 730 1724 772 exercitus

156 804 336 859 Cyaxari
357 803 511 846 anxilio
532 806 652 846 missi
673 809 860 847 creatum
882 817 985 847 esse
1011 805 1206 846 docemur
1242 804 1357 859 (Cyr.
1382 803 1420 855 1,
1442 804 1485 855 5,
1506 804 1566 858 5).
1603 804 1726 847 Nunc

150 881 240 936 jam
259 877 354 921 aliis
375 881 553 935 imperat
574 885 618 922 et
638 893 914 934 quaecunque
934 881 1025 921 sibi·
1038 882 1148 921 bona
1176 879 1396 921 videantur
1422 882 1522 934 agit.
1585 881 1723 922 Tene·

154 968 249 997 mus
296 969 397 1010 erga
434 956 683 1011 principem,
732 954 900 1011 qualem
936 955 1174 1011 Xenophon
1221 968 1324 997 esse
1360 954 1551 1006 volebat,
1598 956 1724 1011 pium,

148 1032 334 1087 justum,
367 1036 690 1087 temperantem,
722 1032 894 1081 fortem,
925 1028 1152 1089 σώφρονα,
1184 1031 1375 1072 omnibus
1396 1031 1578 1086 denique
1599 1032 1724 1074 virtu-

154 1107 268 1150 tibus
298 1105 403 1160 illis,
455 1121 563 1162 quas
603 1108 808 1149 Socrates
846 1108 943 1149 boni
984 1121 1088 1149 esse
1126 1107 1200 1148 viri
1239 1107 1472 1160 contendit,
1523 1112 1724 1150 ornatum.

155 1182 469 1232 Quaerentibus
489 1197 590 1224 vero
611 1184 747 1232 nobis,
770 1183 882 1237 quod
903 1184 984 1224 sibi
1007 1182 1222 1224 consilium
1242 1185 1510 1237 proposuerit
1529 1186 1725 1238 princeps

155 1255 249 1310 ille,
285 1256 412 1313 plane
440 1258 522 1300 hoc
549 1272 600 1300 ac
626 1259 853 1314 perspicue
882 1257 1118 1301 declaratur
1139 1257 1255 1313 (Cyr,
1280 1258 1324 1309 2,
1350 1258 1387 1309 1,
1412 1258 1506 1312 11);
1547 1260 1618 1301 ubi
1640 1259 1722 1314 Cy·

154 1346 227 1374 rus
254 1334 452 1387 principis
481 1346 583 1375 esse
612 1335 690 1383 ait,
729 1348 808 1374 non
838 1332 974 1374 solum
1001 1339 1140 1375 semet
1165 1334 1302 1388 ipsum
1323 1337 1475 1376 bonum
1501 1336 1723 1389 praebere,

155 1397 236 1451 seii
258 1410 385 1451 etiam
403 1405 511 1460 τούς
531 1404 802 1467 ἀρχομένους
821 1409 999 1452 reddere
1020 1407 1231 1451 meliores.
1272 1408 1583 1480 Elaboranuum
1603 1411 1727 1466 igitur

156 1498 259 1527 esse
280 1490 432 1528 censet
451 1485 690 1540 Xenophon
711 1485 820 1526 bono
841 1486 1014 1541 principi
1042 1486 1081 1526 in
1112 1499 1187 1539 eo,
1219 1490 1265 1527 ut
1286 1499 1336 1527 se
1356 1488 1448 1537 τοῖς
1469 1482 1727 1544 ἀρχομένοις

157 1562 279 1617 quasi
306 1560 542 1617 exemplum
573 1575 813 1617 proponens
841 1561 965 1617 (Cyr.
995 1561 1035 1614 8,
1067 1561 1105 1612 1,
1133 1561 1210 1615 39)
1231 1561 1328 1604 illos
1354 1564 1420 1604 sui
1440 1563 1592 1605 reddat
1612 1564 1724 1605 simi-

155 1636 244 1691 les,
276 1652 367 1680 cum
405 1638 609 1680 neminem
639 1638 865 1693 principem
896 1642 1059 1680 statuat
1089 1651 1193 1680 esse
1231 1638 1409 1690 debere,
1449 1639 1530 1680 nisi
1568 1640 1640 1693 qui
1669 1640 1726 1682 sit

154 1711 300 1756 melior
335 1715 409 1765 iis,
448 1714 601 1767 quibus
638 1714 843 1767 imperare
864 1711 966 1754 velit
1007 1713 1121 1767 (Cyr.
1145 1712 1185 1762 8,
1212 1712 1249 1764 1,
1273 1711 1343 1755 37.
1389 1713 1427 1762 1,
1457 1712 1499 1764 6,
1528 1712 1568 1757 8.
1610 1712 1653 1765 ’7,
1681 1713 1724 1766 5,

154 1787 243 1843 83).
305 1788 432 1839 Quod
462 1793 508 1831 ut
537 1788 624 1830 fieri
654 1788 815 1843 possit,
847 1788 889 1828 id
919 1788 1183 1843 potissimum
1212 1789 1411 1844 principis
1434 1801 1539 1831 esse
1562 1803 1723 1842 curare,

153 1870 201 1908 ut
230 1866 312 1921 ipsi
343 1865 543 1908 obediant
572 1863 616 1907 οἱ
635 1860 886 1921 ἀρχόμενοι;
909 1877 985 1919 per
1015 1877 1066 1906 se
1098 1865 1205 1905 enim
1226 1862 1430 1918 intelligi,
1452 1865 1592 1906 omnia
1612 1866 1725 1907 bona

155 1945 201 1984 et
219 1939 437 1996 praeclara
457 1945 688 1996 praecepta
710 1938 869 1983 nullam
890 1941 1050 2000 babere
1071 1941 1152 1981 vim
1174 1945 1217 1982 et
1244 1944 1531 1995 potestatem,
1568 1941 1648 1982 nisi
1678 1946 1726 1983 nt

153 2018 206 2059 iis
226 2022 426 2072 pareatur
445 2030 589 2059 curam
609 2017 802 2072 gesseris
842 2016 986 2071 (Hipp.
1008 2016 1051 2068 9,
1072 2016 1129 2070 2).
1183 2016 1351 2058 Summi
1380 2016 1502 2070 igitur
1529 2018 1725 2059 momenti

154 2093 192 2134 in
213 2093 322 2135 bono
344 2093 529 2148 principe
551 2106 653 2134 esse
674 2092 789 2143 iilud,
820 2096 867 2133 ut
886 2092 1026 2146 possit
1048 2091 1230 2144 efficere,
1261 2096 1307 2133 ut
1328 2091 1528 2146 quidquid
1542 2092 1727 2148 jusserit

148 2169 449 2225 jussisaciant
479 2174 524 2211 et
554 2169 710 2211 saciant
739 2166 940 2217 libenter,
979 2166 1151 2209 multum
1184 2169 1292 2209 enim
1324 2168 1556 2218 interesse,
1588 2173 1724 2211 utrum

154 2245 251 2301 quie
271 2242 510 2286 volentibus
532 2259 584 2286 an
598 2244 746 2285 invitis
766 2248 907 2285 utatur
926 2243 1126 2285 ministris
1148 2241 1266 2298 (Cyr.
1287 2241 1329 2291 3,
1364 2241 1402 2293 1,
1437 2241 1540 2298 28);
1593 2257 1725 2298 quare

155 2334 359 2363 summum
380 2334 483 2362 esse
504 2318 620 2371 illud,
642 2320 754 2374 quod
775 2318 963 2374 appellat
981 2318 1219 2373 Xenophon
1240 2313 1290 2361 τὸ
1311 2314 1557 2361 ἐθελόντων
1579 2315 1727 2376 ἄρχειν

155 2396 332 2449 (Oecon.
353 2394 426 2449 21,
450 2394 524 2450 12)
546 2400 591 2438 et
615 2391 666 2439 τὸ
694 2391 874 2446 ἑκόντας
900 2394 1133 2438 πείθεσθαι
1151 2393 1268 2449 (Cyr.
1293 2392 1331 2446 1,
1352 2392 1394 2444 6,
1415 2392 1514 2447 21„
1556 2395 1600 2436 id
1624 2409 1725 2437 vero

154 2472 393 2515 difficillime
414 2472 521 2514 effici
543 2486 677 2528 posse
698 2472 821 2527 (Cyr.
847 2471 884 2522 1,
909 2471 947 2524 1,
967 2471 1010 2514 2.
1040 2469 1080 2512 3.
1122 2470 1161 2523 1,
1186 2470 1230 2521 6,
1259 2469 1319 2522 8),
1351 2470 1534 2526 ideoque
1556 2485 1724 2514 accura-

153 2549 321 2593 tissime
350 2554 537 2603 enarrat,
580 2549 732 2605 quibus
760 2549 922 2592 artibus
944 2548 1025 2590 hoc
1051 2552 1098 2590 ut
1119 2546 1199 2589 sibi
1221 2547 1482 2603 contingeret
1501 2548 1728 2604 perfecerit

156 2625 307 2680 Cyrus.
383 2625 511 2676 Quod
542 2626 748 2681 quomodo
779 2626 1017 2686 faciendum
1046 2624 1278 2680 putaverit,
1322 2624 1565 2679 diligentius
1597 2639 1725 2681 expo-

154 2715 314 2746 namus.

269 2778 453 2821 Primum
476 2775 578 2819 illud
600 2778 751 2820 nemini
781 2778 1023 2833 contingere
1046 2777 1162 2827 dicit,
1193 2778 1274 2820 nisi
1304 2778 1369 2819 cui
1400 2777 1507 2820 deus
1535 2776 1724 2833 praecla-
