1860 3064
160 325 311 375 vellet,
363 327 403 367 in
435 325 571 368 lucem
603 327 814 377 edidisse,
866 328 1123 382 simulatque
1161 343 1186 371 e
1219 328 1342 370 bellis
1373 343 1574 372 reversus
1605 329 1739 374 literis

161 414 335 456 operam
364 401 467 444 dare
494 402 690 457 potuerit.
753 401 902 445 Eidem
924 417 1031 446 311110
1052 402 1122 446 vel
1142 406 1341 460 sequenti
1363 404 1606 455 Convivium
1626 405 1735 448 assi-

160 482 332 532 gnatur;
373 477 440 530 (cf.
467 477 629 520 Bnckh.
651 478 712 520 ue
740 477 978 531 simultate,
1012 494 1123 535 quae
1151 480 1322 524 Platoni
1352 496 1446 524 cum
1472 481 1583 523 Xen.
1610 482 1736 525 inter-

161 554 355 596 cessisse
376 553 521 598 sertur.
582 553 695 600 Berl.
721 553 846 599 1811.
874 570 915 612 p.
942 555 1014 610 19)
1036 556 1363 601 0600110ιυί011111
1383 572 1481 602 vero
1503 563 1604 615 post
1623 558 1735 602 Ana-

159 632 282 673 basin
313 645 417 674 esse
445 633 646 687 scriptum
674 633 812 687 arguit
845 647 936 689 cap.
959 634 987 674 4
1015 638 1123 676 sect.
1155 633 1210 676 18
1243 648 1308 689 sq.
1344 636 1423 688 (cf.
1451 636 1586 680 Anah.
1620 634 1665 684 1,
1692 634 1737 685 9,

123 724 138 737 -
157 705 380 759 29—31).
422 707 641 749 Anabasis
664 722 746 763 quo
768 723 875 750 anno
898 709 954 751 sit
975 709 1091 752 edita
1111 724 1191 751 non
1213 710 1323 752 satis
1344 715 1542 753 accurate
1564 710 1737 752 definire

158 781 282 833 licet3
314 780 386 824 alii
408 796 502 826 eam
523 784 711 826 tribuunt
732 782 801 827 01.
824 784 884 827 99
903 785 1018 828 initio
1042 785 1115 840 (cf.
1136 784 1443 839 Breitenbach:
1475 785 1657 835 Quaest.
1680 785 1734 827 de

159 858 271 903 Xen.
294 857 455 903 Oecon.
476 860 624 913 partic.
646 857 743 900 Hal.
768 857 895 902 1837.
917 874 957 915 p.
985 859 1038 902 19
1059 863 1159 916 sq.)‚
1181 859 1249 902 alii
1273 859 1342 902 01.
1368 859 1464 910 102,
1491 859 1510 902 1
1536 861 1606 914 (cf.
1628 860 1734 902 Kri'i-

159 948 253 989 ger:
293 933 347 976 de
376 934 565 977 authent.
596 939 642 1000 61
668 934 814 990 integr.
836 935 973 978 Anah.
994 950 1035 991 p.
1058 936 1118 991 4).
1182 921 1490 990 schneiderus,
1522 939 1592 992 qui
1620 937 1734 979 Ana-

157 1012 281 1053 basin
302 1015 403 1065 post
424 1011 579 1053 finitam
600 1026 626 1053 a
649 1011 935 1066 Xenophonte
955 1012 1174 1054 historiam
1195 1027 1390 1067 graecam
1413 1027 1516 1054 esse
1538 1014 1737 1068 scriptam

158 1088 277 1142 ponit
304 1087 328 1130 i.
358 1101 397 1129 e.
424 1092 526 1142 post
554 1086 623 1129 01.
652 1086 750 1138 105,
779 1087 807 1130 4
837 1088 913 1140 (cf.
935 1089 1066 1133 Schn.
1088 1088 1157 1131 ad.
1178 1088 1217 1131 h.
1239 1102 1299 1144 gr.
1320 1087 1363 1140 3,
1388 1088 1425 1139 1,
1446 1088 1508 1143 2),
1540 1088 1734 1132 0600110-

158 1165 310 1205 micum
331 1164 386 1204 ad
417 1161 487 1205 01.
508 1162 581 1213 95,
606 1163 627 1205 1
651 1164 795 1217 refert,
816 1163 953 1206 locum
974 1163 1088 1206 illum
1111 1165 1173 1216 (4,
1199 1163 1264 1209 18.
1290 1163 1362 1217 19)
1383 1179 1410 1206 3
1437 1163 1604 1207 librario
1633 1179 1734 1218 quo·

160 1239 255 1281 dam
285 1240 488 1282 insertum
520 1244 772 1283 essearatus
802 1239 873 1295 (cf.
896 1227 1097 1284 Schneid.
1126 1240 1182 1282 ad
1202 1230 1362 1285 Oec'on.
1390 1239 1434 1290 2,
1461 1239 1520 1294 7).
1581 1239 1736 1295 Neque

158 1330 260 1358 vero
289 1315 399 1358 haec
426 1330 566 1370 neque
593 1314 665 1357 illa
692 1317 942 1359 Schneideri
970 1317 1185 1359 sententia
1213 1316 1312 1357 mihi
1340 1315 1503 1370 placet,
1536 1316 1616 1357 sed
1644 1330 1735 1356 cum

157 1391 327 1447 longum
348 1392 406 1434 sit
426 1406 600 1435 causam
621 1393 861 1436 accuratius
876 1380 1110 1448 ¹imponere,
1141 1393 1251 1435 satis
1271 1392 1407 1435 habeo
1429 1393 1649 1444 affirmare,
1669 1406 1736 1437 me

159 1482 303 1509 eorum
331 1469 532 1509 assentiri
562 1470 825 1517 sententiae,
866 1469 936 1523 qui
965 1468 1294 1510 Oeconomicum
1322 1467 1389 1509 01.
1423 1465 1506 1509 104
1535 1468 1735 1522 scriptum

160 1558 265 1587 esse
292 1544 569 1596 contendant3
615 1544 685 1596 (cf.
723 1545 920 1600 Sauppe:
959 1545 1092 1600 praef.
1127 1545 1184 1586 ad
1220 1544 1331 1589 Xen.
1365 1558 1511 1599 opusc.
1547 1542 1663 1599 polit.
1694 1558 1736 1599 p.

159 1620 343 1673 XLIX.)
372 1634 465 1661 cum
493 1634 605 1674 quae
634 1622 673 1661 in
700 1619 772 1662 illo
793 1619 898 1662 libro
920 1620 974 1661 de
994 1634 1041 1662 re
1063 1620 1254 1663 familiari
1274 1621 1384 1662 bene
1405 1618 1736 1662 administranda

160 1702 205 1740 et
225 1696 280 1739 de
301 1711 347 1738 re
368 1697 528 1739 rustica
544 1697 735 1752 disputat
753 1696 1074 1749 Ischomachus,
1095 1702 1254 1740 tantum
1274 1695 1435 1739 illarum
1459 1710 1594 1739 rerum
1614 1709 1737 1739 usum

158 1773 350 1829 prodant,
384 1778 583 1828 quantum
603 1773 763 1816 habere
783 1774 923 1829 possit
942 1773 981 1815 is
1002 1772 1136 1824 solus,
1160 1774 1228 1829 qui
1250 1783 1327 1829 per
1346 1771 1512 1828 longius
1532 1772 1735 1828 temporis

158 1851 343 1905 spatium
374 1848 653 1904 agriculturae
692 1850 902 1892 studuerit
910 1865 922 1900 ;
975 1850 1089 1904 quod
1117 1850 1394 1905 Xenophonti
1432 1854 1518 1892 tum
1555 1849 1735 1899 demum,

159 1940 252 1967 cum
282 1924 491 1968 Scillunte
520 1931 843 1968 commoraretur
870 1927 924 1968 ab
955 1924 1023 1970 Ol.
1051 1924 1123 1976 9¹7,
1155 1925 1176 1967 1
1207 1938 1346 1979 usque
1380 1924 1436 1966 ad
1465 1923 1535 1967 01.
1565 1922 1670 1977 102,
1706 1924 1736 1969 2

160 2003 394 2056 contigisse
414 2002 515 2043 mihi
535 2015 791 2056 persuasum
809 2002 962 2045 habeo.
1003 2001 1129 2051 Quod
1150 2001 1389 2056 Xenophon
1411 2002 1450 2043 in
1472 1999 1542 2042 illo
1564 1999 1733 2055 dialogo

160 2080 384 2121 Socratem
412 2076 657 2133 loquentem
685 2079 806 2128 facit,
837 2077 936 2120 inde
962 2076 1260 2134 explicandum
1281 2091 1385 2121 esse
1405 2077 1591 2128 videtur,
1623 2078 1736 2132 quod

160 2170 212 2197 eo
242 2155 534 2198 demonstrare
555 2154 705 2208 vellet,
736 2155 979 2210 praeceptis
1001 2168 1026 2197 e
1049 2153 1271 2209 disciplina
1292 2154 1512 2197 Socratica
1532 2153 1736 2209 profectis

159 2225 212 2274 ne
234 2246 329 2273 eum
352 2231 521 2286 quidem
542 2245 687 2274 carere
707 2246 862 2287 posse,
895 2233 965 2287 qui
993 2245 1064 2274 res
1091 2244 1194 2274 suas
1215 2231 1326 2274 bene
1347 2235 1481 2284 gerat.
1543 2229 1634 2273 Sed
1653 2229 1735 2273 hae

158 2309 212 2350 (le
234 2321 280 2350 re
302 2308 427 2351 satis.

274 2384 461 2427 Primum
482 2384 628 2440 igitur,
660 2398 771 2439 quae
798 2384 837 2426 ei
859 2398 961 2427 esse
983 2383 1149 2440 agenda
1169 2382 1382 2441 putaverit
1402 2383 1632 2433 Socrates,
1664 2383 1734 2438 qui

159 2466 274 2505 recte
300 2464 439 2505 bonus
468 2461 574 2504 civis
610 2461 668 2504 sit
695 2461 970 2503 nominandus
998 2456 1151 2514 (καλὸς
1176 2455 1415 2517 κάγαθός),
1461 2473 1733 2515 exponamus,

157 2539 300 2581 Docet
321 2539 466 2591 (Mem.
487 2538 531 2592 2,
556 2537 595 2589 1,
620 2537 696 2594 19)
720 2551 820 2587 eos,
852 2539 922 2592 qui
945 2551 1116 2593 operam
1144 2537 1267 2587 dent,
1298 2542 1345 2578 ut
1372 2541 1417 2578 et
1444 2537 1526 2592 ipsi
1553 2537 1733 2591 corpori-

158 2615 240 2655 bus
261 2613 535 2657 validioribus
564 2619 610 2657 et
637 2614 786 2656 animis
807 2613 1048 2657 fortioribus
1069 2614 1195 2657 factis
1216 2626 1303 2656 rem
1326 2624 1451 2655 suam
1472 2613 1584 2655 bene
1605 2611 1731 2655 admi-

159 2692 338 2734 nistrent
373 2697 419 2734 et
453 2693 600 2734 amicis
636 2691 863 2734 utilitatem
898 2691 1077 2733 afferant
1112 2695 1157 2733 et
1191 2691 1355 2745 patriae
1392 2703 1501 2744 opes
1537 2694 1734 2743 augeant,

159 2765 352 2818 libenter,
374 2772 421 2810 ut
441 2767 550 2811 haec
571 2772 870 2824 assequantur,
893 2782 1040 2811 omnes
1061 2767 1276 2811 sustinere
1297 2764 1468 2812 labores
1490 2770 1537 2809 et
1554 2765 1735 2814 maxima

161 2857 253 2885 cum
273 2843 493 2900 voluptate
513 2846 680 2901 vivere,
712 2845 835 2900 quod·
854 2849 899 2888 et
925 2846 1008 2900 ipsi
1038 2846 1190 2887 virtute
1217 2857 1298 2885 sua
1323 2841 1588 2889 delectentur
1616 2845 1660 2884 et
1680 2842 1735 2883 311
