1860 3064
871 141 939 196 33

124 285 298 350 laudari.
360 286 469 340 Quin
502 302 600 332 vero
632 303 655 333 e
676 290 831 333 virtute
858 287 1014 332 bellica
1041 291 1220 334 maxima
1239 291 1453 347 proficisci
1481 290 1697 336 commoda

125 364 206 405 sihi
233 376 486 419 persuasum
519 365 715 407 hahuerit
741 360 1003 420 Xenophon,
1037 365 1213 410 dubitari
1242 382 1321 409 non
1341 351 1503 424 potest,
1535 382 1628 410 cum
1654 370 1695 409 in

124 442 447 497 sententiarum,
493 437 648 496 q'uibus
678 432 855 483 maxime
896 438 1152 493 delectatur,
1198 457 1367 486 numero
1398 444 1482 488 hae
1523 459 1697 500 quoque

124 515 238 558 sint:·
268 516 404 559 omnia
423 517 534 558 bona
560 517 599 558 in
628 516 764 559 medio
793 518 1006 573 proposita
1040 532 1144 561 esse
1173 524 1219 561 et
1246 520 1487 574 contingere
1515 521 1590 571 iis,
1623 521 1695 575 qui

124 591 210 634 sint
248 591 462 653 fortissimi
502 591 620 647 (Cyr.
661 591 703 643 3,
733 591 776 642 3,
808 578 866 651 44
895 607 989 647 sqq.
1031 592 1074 646 ’7,
1109 592 1147 643 1,
1191 592 1259 635 13.
1308 594 1444 639 Anah.
1474 593 1521 646 3,
1555 595 1593 644 1,
1623 595 1694 640 21.

123 663 166 719 3,
185 665 229 716 2,
250 664 326 711 26..
352 665 421 711 28.
459 665 528 712 39.
566 667 609 721 5,
637 665 679 718 6,
706 665 806 720 32);
845 668 1017 711 victoria
1045 666 1206 723 parariss,
1246 667 1368 711 clade
1388 670 1529 725 ,amitti
1559 671 1698 712 omnia

125 736 240 797 (C‘yr.
268 741 313 792 2,
345 741 385 795 1,
416 741 481 788 17.
513 744 554 793 4,
572 728 625 792 ⁵2,
652 742 755 799 26);
802 743 915 797 quae
957 743 1197 785 sententiae
1232 744 1270 785 si
1311 744 1376 785 cui
1412 744 1521 787 forte
1560 746 1697 787 minus

127 816 339 859 videantur
360 817 513 872 dignae
536 832 609 872 eo,
641 818 712 873 qui
734 831 923 873 semper,
954 823 1002 861 ut
1015 818 1224 874 justitiam
1244 813 1423 863 maxime
1444 825 1691 875 sequantur,

122 892 313 951 hortatur
333 878 560 947 aequales,
593 888 794 936 doeemur
810 893 924 948 (Cyr.
947 893 988 944 6,
1015 892 1052 943 1,
1074 893 1172 948 55),
1208 908 1307 944 eos,
1340 895 1410 950 qui
1431 894 1544 938 bello
1566 908 1694 952 supe-

126 974 219 1012 rent
248 968 401 1023 hostes
443 975 488 1013 et
516 971 636 1026 ipsos
678 968 837 1013 servari
869 974 914 1012 et
943 970 1052 1013 bona
1083 970 1142 1013 uti
1175 969 1413 1014 conditione
1444 985 1584 1027 neque
1615 986 1697 1014 non

84 1060 86 1062 ·
125 1045 267 1087 facere
282 1046 425 1101 justa3
458 1046 571 1100 quod
591 1045 674 1088 ulio
696 1045 788 1087 loco
810 1047 871 1088 ita
892 1044 1124 1101 explicatur
1149 1045 1265 1101 (Cyr.
1287 1044 1332 1100 ⁷,
1353 1045 1397 1100 5,
1418 1045 1508 1100 ⁸73),
1529 1052 1577 1090 ut
1596 1045 1697 1102 lege

125 1125 300 1163 aeterna
320 1120 480 1164 dicatur
502 1128 605 1163 esse
626 1122 882 1182 institutum,
914 1125 961 1163 ut
979 1122 1083 1163 urbe
1104 1121 1287 1164 hostium
1307 1126 1457 1177 capta,
1485 1125 1556 1177 qui
1577 1123 1689 1166 vice-

124 1197 203 1238 rint
224 1200 269 1238 et
287 1197 412 1238 victis
433 1197 540 1252 ipsis
561 1180 729 1239 utantur
749 1197 890 1238 servis
926 1201 970 1239 et
996 1197 1118 1238 bonis
1147 1210 1288 1239 eorum
1324 1198 1547 1253 potiantur.
1609 1198 1695 1241 De·

125 1256 358 1315 monstrant
378 1278 493 1315 certe
513 1272 623 1315 haec
651 1287 677 1314 a
706 1272 994 1327 Xenophonte
1024 1272 1135 1314 dicta
1163 1274 1371 1327 ingenium
1400 1273 1535 1315 seculi
1570 1273 1698 1323 illius,

126 1359 211 1401 quo
242 1361 336 1388 cum
366 1361 528 1388 summa
558 1360 693 1389 rerum
724 1361 861 1402 saepe
889 1360 1023 1401 penes
1056 1342 1282 1389 exercitum
1314 1347 1465 1390 fortem
1495 1353 1620 1390 esset
1651 1350 1697 1390 et

126 1423 259 1466 tutius
281 1428 404 1466 esset
424 1423 577 1465 victum
599 1422 881 1477 quotidianum
910 1424 1036 1465 armis
1058 1437 1184 1477 quam
1212 1423 1498 1466 instrumentis
1524 1425 1697 1466 rusticis

126 1512 276 1554 parare
304 1497 483 1552 (Oecon.
511 1497 554 1548 5,
594 1495 659 1543 13.
698 1497 793 1554 Cyr.
821 1497 864 1547 5,
892 1497 937 1552 4,
963 1496 1061 1551 28),
1099 1513 1179 1540 non
1217 1498 1310 1542 sine
1347 1498 1501 1542 idonea
1534 1498 1699 1542 ratione

127 1576 337 1617 statuisse
358 1574 523 1617 videtur
542 1574 804 1629 Xenophon,
828 1588 905 1615 eos
927 1588 1030 1617 esse
1051 1575 1188 1617 bonos
1209 1576 1349 1628 cives,
1381 1576 1450 1629 qui
1483 1576 1568 1617 sint
1593 1574 1695 1616 mili-

127 1654 198 1692 tes
218 1651 335 1700 boni;
366 1649 519 1692 bellica
539 1648 663 1704 igitur
684 1649 826 1693 studia
848 1650 1009 1691 civibus
1031 1649 1207 1691 maxime
1230 1663 1333 1692 esse
1355 1649 1696 1700 commendanda,

129 1726 431 1767 exercitatione
463 1725 571 1766 enim
603 1726 642 1765 in
674 1725 801 1766 armis
832 1724 927 1766 sola
958 1724 1241 1766 fortitudinem
1276 1739 1380 1767 esse
1411 1725 1697 1780 appetendam

127 1814 266 1855 neque
301 1813 404 1842 esse
433 1804 517 1842 tam
545 1799 803 1855 praeclaram
831 1799 1184 1852 adhortationem,
1215 1805 1263 1842 ut
1291 1813 1363 1851 ea,
1396 1801 1465 1855 qui
1486 1815 1581 1856 ,non
1612 1801 1698 1843 sint

129 1877 284 1929 fortes,
316 1877 459 1919 statim
487 1875 605 1916 reddi
633 1876 802 1931 possint
827 1875 961 1917 fortes
992 1874 1108 1930 (Cyr.
1130 1874 1173 1927 3,
1193 1873 1237 1925 3,
1258 1873 1348 1929 50).
1408 1876 1554 1931 Atque
1575 1874 1696 1918 intel-

128 1951 282 1995 lectum
303 1953 350 1993 iri
372 1952 536 2008 opinor,
568 1952 724 2008 primas
752 1953 792 1994 in
813 1952 942 1994 rebus
951 1949 1163 2016 publicis,
1195 1951 1349 2006 quihus
1377 1965 1547 2007 semper
1576 1957 1700 1995 esset

128 2026 284 2069 bellum
305 2027 556 2082 gerendum,
587 2028 723 2069 fuisse
743 2031 890 2083 partes
919 2027 1177 2069 exercituum
1204 2027 1344 2077 ducis,
1376 2027 1432 2069 ad
1462 2028 1574 2082 quod
1606 2041 1699 2068 cum

130 2103 328 2154 accedat,
361 2103 474 2158 quod
492 2104 711 2145 maximam
732 2103 827 2145 forti
848 2107 894 2144 et
920 2103 1104 2156 sapienti
1125 2102 1363 2156 imperatori
1385 2103 1503 2143 nasci
1524 2101 1698 2156 gloriam

131 2179 391 2235 experientia
421 2179 599 2221 edoctus
630 2179 761 2220 sciret
789 2161 1050 2232 Xenophon,
1082 2177 1152 2231 qui
1181 2190 1384 2218 summam
1411 2177 1493 2219 sibi
1528 2191 1695 2235 compa-

129 2260 273 2298 rasset
302 2254 470 2297 laudem
498 2269 570 2305 eo,
604 2255 716 2309 quod
745 2254 897 2297 decies
921 2252 1033 2295 mille
1067 2253 1257 2295 Graecos
1288 2267 1381 2294 cum
1411 2252 1521 2308 Cyro
1554 2260 1699 2297 contra

129 2332 358 2373 Persarum
387 2343 532 2384 regem
561 2329 776 2384 profectos
818 2334 864 2371 et
901 2330 940 2369 in
982 2333 1176 2371 extrema
1201 2327 1388 2383 pericula
1418 2327 1627 2371 adductos
1659 2330 1701 2371 in

131 2399 308 2462 patriam
347 2406 573 2449 reduxerat
612 2404 862 2459 incolumes,
914 2420 993 2447 non
1035 2405 1178 2447 mirum
1229 2409 1317 2455 est,
1369 2403 1701 2461 Xenophontem

132 2483 426 2536 existimasse,
465 2496 583 2536 eum,
622 2483 692 2538 qui
721 2470 872 2545 bonus·
891 2486 1014 2524 esset
1058 2476 1314 2526 exercituum
1345 2480 1451 2531 dux,
1495 2494 1700 2524 summum

133 2573 236 2602 esse
256 2545 514 2607 assecutum.
570 2543 572 2546 Ι

249 2633 407 2677 Fuisse
441 2633 569 2678 talem
599 2633 897 2690 Xenophontis
934 2634 1185 2678 sententiam
1223 2648 1302 2675 non
1332 2631 1481 2683 solum
1512 2646 1537 2691 e
1568 2632 1694 2688 Cyro-

134 2710 309 2768 paedia‚
340 2694 425 2754 'sed'
443 2711 569 2753 etiam
591 2710 754 2754 omnino
777 2725 832 2754 ex
852 2711 1042 2757 omnibus
1065 2712 1161 2767 eJus
1182 2710 1354 2765 scriptis
1376 2714 1567 2765 apparet,
1589 2721 1701 2762 quae

135 2802 215 2830 non
234 2786 345 2832 male
367 2787 405 2829 in
428 2786 536 2830 duas
558 2787 822 2845 sejungenda
843 2787 1035 2843 videntur
1055 2791 1216 2843 partes,
1239 2799 1414 2842 quarum
1434 2784 1568 2828 altera
1589 2795 1698 2827 com·

1395 2872 1425 2916 3
