1860 3064
895 164 964 215 28

142 342 170 360 ‚,
180 310 480 361 narrationem,
508 311 636 366 quasi
664 311 760 366 ipse
788 310 977 353 morienti
999 324 1077 352 non
1098 309 1331 354 adsuerit.“
1352 333 1412 343 —-
1433 309 1587 352 Contra
1606 309 1714 353 Kra-

143 399 273 440 gerus
293 385 340 439 (1,
362 385 389 428 l.
411 400 453 441 p.
472 385 550 439 21)
571 386 699 429 haec:
731 386 834 436 „Ac
855 400 955 428 vere
977 386 1216 443 conjecisse
1237 386 1415 429 arbitror
1434 385 1613 435 Morum,
1644 385 1717 440 qui

142 458 259 513 »τὸν
286 462 379 506 τῶν
409 462 619 519 Κυρείων
648 459 950 520 προεστηκότα
979 463 1037 516 (h.
1068 476 1126 518 gr.
1153 461 1203 515 3,
1218 462 1282 513 -2,
1312 460 1361 516 7)
1390 461 1718 517 Xenophontem

141 570 168 589 ,,
178 537 384 593 intelligit.
453 539 751 594 Suspicionem
778 539 887 580 hanc
913 543 1076 588 movet,
1115 539 1227 593 quod
1254 552 1402 581 nomen
1428 537 1619 580 hominis·
1636 551 1717 579 non

142 615 357 670 ‚‚ponitur‚
383 614 583 669 quodque
605 616 689 656 dux
712 614 880 667 laudem
899 611 1176 668 Dercyllidae
1196 615 1401 669 insignem
1422 612 1565 656 tribuit
1578 612 1714 655 Laco-

142 691 273 740 ‚,nica
300 691 511 733 brevitate
542 691 599 743 (¹3)
629 689 858 738 conditam,
896 702 1020 744 quem
1050 689 1230 732 eundem
1255 688 1543 745 Dercyllidam
1570 688 1713 731 Xeno-

142 767 290 823 „phon
312 780 464 821 magna
484 753 617 808 laude'
632 765 784 810 affecit.
834 765 1043 807 Manserit
1061 766 1184 820 igitur
1205 765 1319 820 apud
1340 766 1569 807 exercitum
1589 765 1717 807 etiam

143 847 407 898 „postquam
444 840 685 884 Thimbroni
706 854 818 883 ‘eum
859 840 1142 885 tradiderat.“
1216 840 1285 883 Ad
1322 841 1430 884 hunc
1463 841 1716 885 sententiam

142 919 461 961 confirmandam
489 917 613 960 affert
639 917 862 971 Kriigerus
890 916 1010 957 locos
1039 916 1247 971 quosdam
1276 930 1330 958 ex
1356 917 1533 959 historia
1561 930 1716 971 graeca

141 995 315 1048 petitos,
337 994 491 1048 quibus
512 1006 584 1035 res
606 1006 686 1034 eae
708 997 936 1041 narrantur,
959 1004 1071 1046 quae
1087 1006 1166 1033 non
1183 991 1308 1034 facile
1324 992 1507 1034 describi
1523 997 1715 1049 possent,

143 1070 224 1110 nisi
253 1070 308 1111 ab
339 1083 413 1118 eo,
452 1069 523 1124 qui
546 1082 623 1110 eas
649 1068 842 1112 vidisset.
901 1067 1039 1110 Affert
1058 1068 1100 1109 h.
1122 1081 1182 1122 gr.
1204 1066 1247 1119 3,
1271 1067 1313 1120 1,
1334 1066 1404 1122 20.
1441 1065 1484 1116 3,
1505 1067 1547 1117 2,
1568 1066 1609 1112 5.
1649 1067 1716 1109 14.

141 1158 237 1199 sqq.
275 1143 318 1194 3,
340 1144 385 1199 4,
411 1143 479 1188 13.
521 1143 588 1187 16.
627 1143 699 1187 21.
736 1142 814 1194 25;
855 1144 1007 1198 quibus
1035 1143 1146 1186 adde
1174 1144 1214 1185 h.
1242 1157 1302 1198 gr.
1326 1142 1370 1194 3,
1396 1142 1434 1192 1,
1456 1143 1495 1187 6.
1538 1141 1593 1186 10
1612 1142 1715 1200 sqq.

144 1220 210 1265 17.
248 1219 292 1273 3,
313 1221 357 1273 2,
381 1220 448 1263 19.
486 1219 530 1273 3,
552 1221 594 1274 4,
618 1219 685 1265 14.
745 1219 875 1261 Facio
904 1220 1028 1274 igitur
1056 1233 1149 1261 cum
1175 1219 1408 1275 Kruegero,
1477 1219 1715 1276 Xenophon

142 1297 250 1339 enim
279 1297 375 1352 ipse
396 1297 552 1351 (Anab.
572 1294 615 1346 5,
636 1294 680 1348 3,
701 1295 748 1349 6)
775 1300 979 1346 testatur,
1011 1309 1062 1337 se
1091 1310 1185 1337 cum
1205 1296 1411 1350 Agesilao
1441 1310 1495 1339 ex
1514 1297 1623 1339 Asia
1649 1310 1713 1339 re-

141 1372 298 1422 diisse,
337 1386 483 1427 quare,
519 1373 558 1413 si
587 1371 834 1413 Schneideri
864 1372 1118 1412 sententiam
1144 1385 1433 1426 sequeremur,
1462 1372 1716 1415 statuendus

141 1453 265 1491 esset
296 1448 535 1503 Xenophon
571 1447 715 1502 paullo
750 1452 851 1502 post
886 1461 1008 1488 suum
1045 1460 1099 1488 ex
1134 1447 1242 1489 Asia
1276 1448 1455 1489 reditum
1489 1448 1640 1489 iterum
1674 1448 1713 1489 in

139 1525 289 1566 Asiam
309 1523 533 1578 proficisci,
565 1522 679 1577 quod
699 1523 797 1563 mihi
818 1522 1131 1577 improbandum
1152 1522 1329 1572 videtur,
1351 1524 1602 1578 praesertim
1622 1537 1716 1565 cum

140 1598 309 1641 difficile
330 1600 388 1641 sit
408 1599 539 1652 dictu,
564 1599 604 1639 in
627 1613 711 1654 qua
734 1599 943 1641 Graeciae
963 1599 1068 1640 urbe
1090 1604 1369 1641 commoratus
1391 1600 1449 1641 sit
1464 1599 1714 1654 Xenophon.

139 1673 351 1716 Athenis?
400 1674 492 1715 Sed
513 1679 599 1716 tum
620 1661 811 1729 profecto
834 1674 1028 1716 Socratis
1047 1674 1313 1717 interfuisset
1326 1674 1525 1731 judicio‚·
1543 1675 1656 1731 quod
1676 1676 1715 1717 si

140 1750 392 1801 accidisset,
424 1765 504 1792 non
534 1755 658 1793 esset
685 1750 877 1804 dubium,
910 1751 1006 1805 quin
1034 1751 1073 1792 in
1102 1748 1186 1791 ullo
1214 1750 1408 1793 librorum
1437 1752 1560 1793 nohis
1587 1752 1713 1794 tradi-

140 1827 280 1869 disset
309 1825 417 1868 loco.
486 1827 677 1869 Arbitror
705 1827 852 1882 igitur,
889 1826 1221 1888 Xenophontem
1250 1828 1303 1870 ab
1333 1826 1400 1872 01.
1427 1826 1507 1881 94,
1534 1826 1566 1870 3
1589 1826 1659 1871 vel
1687 1828 1715 1871 4

140 1917 279 1958 usque
316 1903 368 1945 ad
407 1902 476 1944 Ol.
505 1894 578 1953 96,
608 1902 638 1945 3
672 1904 748 1953 (cf.
781 1903 1065 1947 Bornemann.
1098 1904 1192 1947 adn.
1221 1903 1279 1946 ad
1307 1905 1378 1945 vit.
1407 1903 1516 1948 Xen.
1547 1904 1568 1958 ᾗ
1597 1902 1643 1958 7,
1672 1919 1713 1960 p.

141 1977 324 2021 xxvn.
361 1980 401 2019 in
440 1977 511 2021 ed.
549 1978 723 2034 Cyrop.)
750 1979 790 2019 in
819 1978 929 2021 Asia
958 1991 1060 2020 esse
1090 1987 1310 2028 moratum,
1345 1980 1474 2022 ¹initio
1509 1975 1590 2025 τὸν
1621 1979 1716 2024 τοῖν

143 2054 354 2111 Κυρείων
373 2052 691 2111 προεστηκότα,
723 2059 878 2109 postea
899 2068 998 2095 vero
1021 2055 1198 2096 amicum
1224 2061 1269 2097 et
1289 2055 1481 2098 sodalem
1502 2055 1714 2112 Agesilai,

141 2131 211 2185 qui
247 2130 303 2185 (h,
338 2144 400 2186 gr.
434 2129 478 2181 3,
513 2130 558 2184 4,
584 2128 667 2185 20)
697 2129 796 2186 Cyri
830 2131 1100 2173 mercenariis
1130 2130 1404 2188 Herippitlam
1434 2132 1715 2188 praefecerat.

140 2207 305 2250 Postea
320 2206 572 2261 Agesilaum
593 2214 771 2250 secutus
793 2222 886 2248 cum
906 2207 978 2249 illo
999 2210 1039 2249 in
1061 2207 1273 2263 Europam
1293 2209 1460 2265 trajecit
1475 2209 1712 2264 Xenophon

141 2288 185 2325 et
204 2284 243 2324 in
265 2297 405 2339 pugna
433 2283 547 2340 apud
567 2271 789 2327 coroneam
809 2285 1040 2328 commissa
1061 2289 1205 2328 contra
1226 2284 1523 2330 Athenienses
1539 2300 1566 2328 a
1584 2286 1711 2342 parti·

142 2363 221 2402 bus
241 2361 365 2402 stetit
382 2360 819 2403 Lacedaemoniorum
840 2362 992 2415 (Ages.
1013 2360 1055 2411 2,
1077 2360 1120 2404 6.
1141 2361 1203 2414 9).

257 2423 437 2478 Accedit
458 2437 654 2490 quaestio
677 2437 792 2478 varia
813 2441 859 2479 et
872 2436 1091 2492 multiplex
1112 2437 1166 2479 de
1182 2442 1389 2493 tempore,
1412 2451 1494 2492 quo
1510 2435 1714 2481 multatus

139 2511 197 2554 sit
216 2510 455 2566 Xenophon
479 2512 624 2562 exilio,
656 2527 740 2568 qua
759 2512 816 2554 de
836 2526 882 2554 re
905 2514 976 2568 qui
996 2513 1259 2569 scripserunt
1278 2514 1317 2555 in
1341 2514 1535 2557 diversas
1557 2514 1721 2569 abeunt*

139 2585 301 2643 partes.
342 2587 589 2642 Kruegerus
611 2589 655 2643 (l.
684 2589 709 2634 l.
737 2604 778 2645 p.
805 2587 1014 2643 20—27)
1042 2589 1333 2633 demonstrare
1355 2596 1540 2641 conatur,
1566 2590 1709 2634 Xeno-

138 2665 338 2719 phontem
366 2662 437 2705 01.
463 2663 539 2713 95,
568 2664 589 2707 1
627 2666 679 2708 ab
710 2666 1046 2709 Atheniensibus
1074 2663 1143 2710 ἐπὶ
1167 2668 1448 2728 Λακωνισμῷ
1475 2669 1516 2710 in
1545 2667 1713 2711 exilium

140 2754 244 2784 esse
262 2741 460 2789 missum,
494 2741 606 2795 quod
635 2743 761 2785 etiam
787 2742 955 2785 videtur
976 2741 1159 2798 Spillero
1188 2743 1231 2796 (Ι.
1260 2743 1285 2789 Ι.
1306 2744 1353 2800 p,
1384 2744 1457 2798 48)
1489 2750 1534 2788 et
1553 2742 1711 2785 Weilio

140 2816 197 2871 (in
226 2817 482 2872 ephemerid.
511 2817 566 2859 ad
597 2818 786 2875 antiquit.
814 2820 963 2876 pertin.
1006 2817 1131 2865 1842.
1172 2835 1213 2876 p.
1247 2819 1347 2875 145)
1378 2826 1423 2865 et
1449 2819 1711 2863 Schneidero
