1860 3064
802 158 818 164 ,,
899 137 967 188 27

149 299 187 328 v.
209 283 254 334 l.,
286 281 352 329 12.
384 283 434 325 cf.
464 283 595 338 Kriig.
624 282 651 325 l.
673 281 699 325 l.
729 297 769 339 p.
797 281 860 328 17.
893 283 1091 326 Schneid.
1120 283 1175 326 ad
1203 283 1323 326 anab.
1352 282 1395 336 2,
1416 280 1459 332 6,
1485 280 1551 325 16.
1584 283 1638 328 id.
1660 282 1716 325 ad

149 359 339 412 Mem'ss,
364 359 402 412 1,
421 358 520 412 2-1),
551 359 877 414 Xenophontem
905 374 931 400 a
950 360 1128 401 Boeotis
1158 373 1261 401 esse
1290 365 1458 415 captum
1488 365 1532 402 et
1553 359 1715 401 Thebis

151 434 361 489 captivum
387 449 492 477 esse
519 449 612 476 cum
638 434 820 476 Prodico
848 439 1063 476 versatum
1090 434 1199 485 Ceo;
1230 434 1355 490 plane
1382 439 1522 478 tamen
1551 435 1711 489 ignora-

148 523 242 551 mus
268 514 314 552 et
342 524 424 565 quo
446 515 635 565 tempore
660 510 740 569 hoc
769 510 827 551 sit
852 508 1008 551 factum
1037 515 1082 553 et
1108 510 1303 565 quamdiu
1329 512 1368 551 in
1389 510 1573 553 Boeotia
1601 523 1710 552 com·

147 590 334 627 moratus
374 586 433 627 sit
471 585 722 641 Xenophon.
795 585 1017 639 Krfigerus
1043 584 1104 638 ‚(1.
1135 585 1181 639 1.)
1221 586 1303 627 hoc
1342 586 1401 629 ait
1439 586 1713 642 Xenophonti

148 646 378 711 accidisse,
437 675 529 713 cum
574 660 749 711 Boeoti,
806 665 923 702 teste
966 661 1215 715 Thucydide
1262 660 1333 713 (8,
1378 660 1470 715 60),
1525 662 1713 716 Oropum

148 750 379 791 omnesque
399 737 456 778 ibi
476 737 767 779 Athenienses
788 734 1026 791 proditione
1048 741 1268 791 caperent,
1301 735 1368 780 Ol.
1396 736 1469 787 92,
1494 736 1532 779 1.
1582 737 1710 791 Equi-

147 812 243 854 dem
283 812 326 854 id
367 816 527 855 tantum
567 812 908 862 confirmaverim,
958 811 1310 868 Xenophontem,
1362 827 1445 868 quo
1497 818 1592 856 erat
1640 813 1703 855 rei

149 886 332 930 bellicae
380 888 541 938 studio,
598 888 741 930 multis
782 888 1104 931 Atheniensium
1151 894 1295 931 contra
1333 889 1712 938 Lacedaemonios,

147 962 255 1005 alios
278 956 470 1005 Graecos
491 964 831 1018 oxpeditionibus
851 964 1095 1006 interfuisse
1117 969 1162 1006 et
1183 979 1275 1006 eam
1303 966 1363 1006 rei
1384 963 1573 1006 militaris
1601 965 1710 1019 peri-

148 1038 247 1080 tiam
268 1038 349 1080 sibi
371 1051 657 1094 comparasse,
686 1053 770 1093 qua
789 1036 930 1093 paullo
951 1043 1051 1093 post
1072 1040 1110 1079 in
1134 1039 1404 1094 expeditione
1426 1039 1523 1094 Cyri
1544 1040 1713 1081 minoris

147 1112 388 1158 excelleret.
416 1114 425 1116 s
450 1114 659 1169 Tempore
689 1118 850 1166 autem,
894 1128 976 1168 quo
1016 1115 1141 1155 armis
1180 1115 1381 1166 vacabat,
1423 1115 1479 1156 ad
1520 1114 1713 1156 Socratis

146 1189 373 1231 doctrinam
393 1189 704 1245 percipiendam
728 1203 848 1242 usus,
879 1191 946 1230 cui
967 1191 1211 1232 commercio
1231 1188 1563 1232 Memorabilium
1583 1188 1713 1231 libros

148 1266 384 1321 debemus}
405 1266 498 1307 sine
529 1265 654 1307 dubio
686 1265 870 1308 Athenis
902 1266 1030 1320 degit.
1093 1266 1269 1309 Constat
1296 1266 1376 1308 hoc
1402 1271 1584 1315 tantum,
1616 1280 1711 1308 eum

146 1332 330 1383 Athenis
377 1341 533 1390 fuisse,
585 1355 678 1382 cum
717 1356 744 1382 a
783 1341 999 1391 Proxeno,
1052 1356 1230 1396 quocum
1272 1341 1436 1383 Thebis
1487 1342 1712 1384 amicitiam

145 1417 315 1466 inierat,
354 1412 618 1467 invitaretur,
664 1421 711 1458 ut
738 1415 836 1474 Cyri
865 1421 1009 1459 contra
1035 1418 1314 1460 Artaxerxem
1342 1417 1511 1459 fratrem
1537 1416 1709 1471 expedi-

144 1493 299 1535 tionem
327 1497 578 1546 sequeretur
613 1493 762 1544 (Anab.
790 1491 838 1540 3,
869 1492 914 1543 1,
942 1493 972 1533 4
1007 1495 1134 1547 sqq.).
1201 1493 1245 1533 In
1275 1493 1422 1533 Asiam
1458 1493 1581 1545 igitur
1615 1507 1708 1546 pro-

143 1568 304 1617 fectus,
322 1567 396 1612 501.
416 1567 487 1617 94,
509 1568 559 1617 4,
590 1566 702 1609 illius
723 1568 1002 1623 expeditionis
1023 1568 1238 1623 particeps
1259 1581 1354 1609 mox
1375 1568 1459 1609 dux
1481 1572 1551 1609 est
1571 1567 1711 1609 factus

146 1648 276 1698 atque
303 1643 532 1685 exercitum
556 1643 831 1693 Graecorum,
864 1644 935 1697 qui
961 1642 1072 1697 Cyro
1101 1644 1208 1685 duce
1229 1643 1457 1685 Persarum
1486 1643 1574 1696 regi
1602 1643 1707 1685 intu-

144 1718 278 1761 lerant
318 1716 492 1767 bellum,
543 1719 732 1761 servavit
769 1716 996 1773 multisque
1040 1717 1238 1773 periculis
1279 1716 1456 1760 feliciter
1493 1718 1709 1772 superatis

145 1793 383 1835 Thimbroni
411 1793 594 1835 tradidit.
656 1792 724 1835 Ol.-
753 1793 825 1843 95,
858 1793 893 1838 1.
955 1794 1108 1846 (Anab.
1136 1792 1180 1845 ⁸7,
1202 1793 1243 1843 8,
1264 1793 1335 1835 24.
1367 1793 1407 1837 h.
1429 1807 1489 1847 gr.
1520 1790 1565 1845 3,
1591 1791 1629 1843 l,
1650 1792 1709 1845 6).

143 1869 368 1911 Jam,vero
399 1868 453 1910 de
480 1867 596 1917 loco,
634 1882 717 1923 quo
746 1883 797 1911 se
824 1874 978 1924 postea
1008 1870 1247 1925 Xenophon
1280 1867 1524 1921 contulerit,
1560 1882 1711 1923 magna

145 1938 215 1989 ‘est
233 1945 412 1986 virorum
433 1944 647 1987 doctorum
667 1944 903 1996 dissensi03
937 1947 1150 2000 quaeritur
1171 1947 1279 1988 enim
1299 1951 1453 1996 utrum,
1484 1950 1711 2000 postquam

144 2020 383 2063 Thimbroni
414 2022 642 2065 exercitum
670 2021 907 2071 tradiderit,
940 2022 977 2061 in
1011 2022 1232 2063 Graeciam
1260 2022 1431 2073 abierit,
1461 2036 1514 2063 an
1542 2021 1581 2061 in
1603 2021 1710 2063 Asia

143 2109 287 2138 comes
308 2095 573 2138 Thimbronis
592 2096 950 2150 Dercyllidaeque
972 2102 1017 2138 et
1035 2095 1229 2149 Agesilai
1248 2097 1505 2138 remanserit.

258 2168 330 2213 De
351 2184 434 2226 qua
455 2184 501 2213 re
524 2170 810 2228 Schneiderus
832 2171 981 2226 (praes.
1004 2170 1061 2212 ad
1079 2171 1190 2212 Xen.
1212 2171 1253 2211 h.
1271 2184 1330 2225 gr.
1347 2185 1387 2225 p.
1403 2170 1524 2213 XIX.
1543 2175 1628 2212 not.
1651 2171 1709 2223 d.)

142 2247 250 2291 haec
270 2246 389 2291 dicit:
422 2251 557 2302 „post
577 2246 675 2302 Cyri
703 2246 1014 2302 expeditionem
1041 2251 1087 2290 et
1113 2251 1289 2289 mortem
1315 2260 1368 2289 ex
1391 2247 1497 2289 Asia
1525 2246 1649 2290 rediit
1669 2247 1709 2288 in

142 2355 169 2373 „
181 2321 423 2372 Graeciam,
463 2323 665 2365 incertum
691 2327 833 2365 tamen
859 2338 911 2365 an
940 2324 1136 2365 Athenas
1170 2323 1370 2377 attigerit.
1445 2322 1575 2364 Brevi
1610 2327 1710 2364 ante

145 2397 353 2449 „mortem
374 2400 567 2442 Socratis
588 2399 717 2455 hujus
738 2410 834 2442 eum¹
851 2398 1063 2443 Critobulo
1086 2412 1325 2441 sermonem
1346 2403 1505 2449 narrat,
1537 2404 1711 2442 mortem

141 2481 319 2524 „autem
342 2475 439 2531 Cyri
466 2480 671 2518 memorat
696 2476 736 2516 in
757 2475 1038 2526 Oeconomico
1062 2474 1123 2527 (4,
1148 2473 1233 2526 18).
1296 2474 1502 2517 Socrates
1522 2479 1711 2517 mortuus

140 2556 249 2600 „est
268 2550 337 2593 Ol.
358 2550 430 2602 95,
456 2551 501 2602 l;
532 2551 670 2606 Cyrus
692 2550 759 2594 Ol.
781 2551 853 2605 94,
873 2550 905 2594 3
919 2551 1153 2593 secundum
1172 2550 1450 2600 Larcherum,
1483 2555 1583 2605 post
1603 2550 1709 2591 duos

141 2640 311 2677 „annos
340 2626 465 2670 rediit
494 2641 548 2670 ex
574 2628 683 2673 Asia
709 2626 970 2684 Xenophon,
1018 2641 1116 2682 ergo
1153 2627 1330 2669 ineunte·
1353 2625 1421 2668 01.
1450 2625 1522 2679 95,
1554 2625 1574 2667 1
1608 2630 1708 2668 ante

144 2706 353 2753 „mortem
368 2700 576 2754 Socratis,
599 2705 722 2759 cujus
731 2704 889 2760 judicio
906 2718 958 2746 an
976 2703 1209 2746 interfuerit
1224 2703 1407 2745 dubitari⁴
1423 2706 1581 2758 potest,
1604 2716 1704 2755 quo-

141 2779 294 2829 „niam
308 2779 347 2821 in
369 2776 591 2835 apologiae
602 2784 720 2822 sect.
740 2778 783 2831 2,
805 2780 843 2821 si
863 2780 1044 2835 genuina
1066 2784 1152 2834 est,
1173 2784 1411 2823 antestatur
1430 2777 1709 2836 Hermogenis
