1860 3064
925 179 992 230 16

162 329 340 386 agminis
369 328 474 384 regii
506 326 569 381 (8,
588 325 650 380 3),
680 327 804 382 pacis
826 324 912 369 illis
934 327 1095 369 artibus
1115 325 1184 366 vix
1204 324 1329 366 unum
1351 330 1396 367 et
1415 323 1593 368 alterum
1614 324 1743 381 caput

162 404 355 450 relictum
384 418 489 449 esse
517 401 799 459 intelligimus.
862 402 1041 447 Omnino
1064 414 1165 453 eae,
1204 415 1313 457 quas
1334 402 1453 459 pacis
1474 392 1590 446 artes
1611 402 1752 444 nomi·'

164 484 278 533 navi,
316 480 483 525 bellicis
504 480 666 523 artibus
695 493 888 535 magnam
917 484 1080 535 partem
1103 480 1163 522 ita
1191 483 1398 534 cognatae
1426 483 1471 521 et
1490 479 1741 535 conjunctae

163 563 283 608 sunt,
325 563 385 609 ut,
427 562 565 600 utrum
594 555 751 599 bellum
780 557 820 597 in
851 569 960 611 pace
991 570 1043 598 an
1074 547 1226 611 pacem
1264 556 1304 597 in
1344 554 1459 598 bello
1499 554 1738 612 respexerit

164 633 324 689 Cyrus,
356 634 509 675 dubius
529 633 734 684 haereas,
772 632 966 686 quoniam
986 631 1167 674 futurum
1195 630 1352 673 bellum
1380 636 1579 687 spectant
1606 631 1740 674 omnia

165 724 276 766 quae
297 711 337 752 in
358 710 441 752 hoc
460 708 566 752 libro
587 722 663 751 rex
683 708 874 754 instituit.

282 787 379 829 Jam
399 800 499 829 vero
522 784 692 828 elucere
713 779 871 840 opinor,
894 784 1223 841 Xenophontem
1238 784 1347 827 hanc
1363 784 1619 827 sententiam
1636 796 1740 827 esse

165 862 424 918 amplexum3
470 876 552 903 non
584 862 736 903 bonum
772 874 876 904 esse
910 874 1044 917 posse
1078 858 1330 917 principem,
1381 861 1477 916 quin
1506 861 1643 902 bonus
1681 858 1742 903 'sit

165 941 424 982 exercituum
453 938 538 980 dux
565 951 705 992 neque
733 939 868 980 bonos
899 952 1002 980 esse
1034 935 1291 993 reipublicae
1322 938 1460 991 cives,
1511 938 1592 980 nisi
1613 937 1741 982 sortes

166 1016 251 1057 sint
282 1013 450 1059 milites,
512 1013 664 1069 ltaque
691 1014 871 1057 maxime
900 1010 1045 1069 Cyrus*
1059 1017 1286 1069 propterea
1304 1012 1519 1066 laudatur,
1550 1012 1664 1068 quod
1684 1013 1743 1055 sit

165 1092 269 1133 artis
297 1091 592 1147 imperatoriae
620 1091 927 1146 peritissimus,
968 1091 1226 1149 >magnisque
1263 1089 1384 1133 effert
1414 1088 1611 1132 laudibus
1647 1103 1740 1143 eos,

167 1168 239 1223 qui
261 1167 416 1209 studiis
439 1164 603 1208 bellicis
626 1180 797 1222 operam
825 1166 946 1217 dent,
986 1171 1115 1222 atque
1137 1180 1253 1221 eum,
1304 1167 1376 1222 qui
1396 1166 1587 1208 homines
1607 1165 1741 1208 sortes

163 1244 344 1285 reddere
373 1243 533 1304 possit,
583 1248 631 1284 ut
657 1244 836 1285 maxima
865 1244 1043 1285 omnium
1063 1243 1333 1285 humanarum
1358 1244 1554 1286 virtutum
1573 1242 1738 1298 praedi-

164 1325 251 1362 tum
271 1319 492 1375 praedicat
512 1318 627 1373 (Cyr.
649 1317 691 1368 8,
715 1318 757 1369 4,
779 1317 820 1360 8.
848 1317 892 1369 3,
913 1316 955 1372 3,
976 1318 1072 1374 54),;
1106 1320 1267 1361 omnino
1289 1317 1390 1361 belli
1411 1320 1741 1362 amantissimum

163 1395 295 1438 multa
315 1395 497 1451 produnt
517 1395 630 1437 dicta
656 1395 707 1440 cf.
736 1410 774 1437 ν.
809 1409 849 1449 g.
879 1394 976 1450 Cyr.
1002 1395 1046 1449 2,
1075 1391 1120 1449 3,
1148 1395 1221 1449 14,
1251 1396 1344 1449 ubi,
1376 1396 1445 1450 qui
1467 1410 1580 1438 arma
1600 1400 1742 1451 portet

164 1487 245 1514 non
268 1486 375 1513 onus
397 1472 528 1524 ferre,
559 1471 639 1513 sed
661 1470 741 1513 alis
762 1471 954 1513 sublimis
975 1471 1091 1525 ferri,
1124 1471 1220 1527 Cyr.
1241 1471 1290 1524 6,
1320 1471 1360 1525 1,
1391 1471 1466 1524 16;
1497 1472 1568 1514 ubi
1593 1471 1738 1514 simili-

166 1554 231 1591 ter
253 1549 323 1603 qui
345 1548 557 1603 stipendia
585 1548 713 1590 faciat
734 1548 917 1590 hostium
937 1548 1089 1597 bibens
1111 1549 1248 1589 vinum
1270 1553 1315 1591 et
1339 1548 1566 1590 comedens
1588 1549 1738 1601 cibum,

166 1625 278 1666 diem
306 1624 463 1666 festum
492 1625 614 1678 quasi
649 1623 866 1665 celebrare
896 1624 1044 1666 dicitur
1077 1624 1148 1678 (cf.
1178 1623 1275 1679 Cyr.
1302 1624 1353 1673 2,
1387 1623 1438 1677 3,
1466 1624 1523 1678 9).
1591 1624 1636 1665 ln
1658 1624 1740 1666 hoc

164 1701 288 1754 igitur
316 1698 454 1740 solum
474 1700 662 1742 intentus
691 1705 761 1742 est
782 1699 940 1754 Cyrus,
970 1704 1019 1742 ut
1038 1700 1201 1742 Persas
1223 1701 1417 1745 fortiores
1438 1700 1590 1742 reddat
1609 1705 1738 1755 atque

163 1776 219 1818 ad
245 1776 327 1818 hoc
356 1775 494 1817 solum
521 1776 659 1818 omnia
686 1777 782 1833 ejus
809 1781 1047 1832 praecepta
1075 1782 1291 1832 spectant,
1342 1782 1389 1820 ut
1416 1777 1739 1830 demonstretur,

164 1852 372 1906 quomodo
394 1853 651 1894 exercituum
673 1852 758 1893 dux
780 1853 946 1905 efficiat,
968 1858 1015 1895 ut
1032 1852 1190 1896 milites
1212 1867 1336 1909 quam
1357 1854 1539 1908 optimos
1559 1854 1739 1904 habeat3

164 1928 373 1983 ejusmodi
405 1932 566 1970 tantum
597 1933 827 1982 praecepta
859 1929 897 1970 ei
939 1929 1157 1971 traduntur
1197 1944 1222 1971 a
1261 1929 1455 1984 Cyaxare
1486 1933 1608 1984 patre
1647 1927 1739 1970 libri

164 2004 283 2057 primi
312 2004 453 2058 capite
481 2008 629 2054 sexto,
682 2017 793 2057 quae
821 2017 897 2058 per
924 2007 1056 2045 totum
1084 2004 1263 2047 subinde
1291 2019 1400 2059 opus
1429 2009 1606 2046 secutus
1635 2017 1738 2046 esse

164 2079 494 2133 deprehenditur
522 2079 592 2131 (cf.
622 2077 717 2132 Cyr.
750 2078 788 2127 1,
811 2078 853 2130 6,
875 2078 916 2120 8.
937 2079 1009 2122 24.
1031 2093 1065 2120 c.
1089 2079 1186 2134 Cyr.
1208 2079 1249 2122 8.
1269 2079 1314 2132 2,
1334 2079 1385 2132 2,
1418 2080 1515 2134 Cyr.
1546 2079 1583 2131 1,
1604 2080 1646 2133 6,
1670 2078 1738 2122 17.
1810 2083 1813 2086 ’

164 2169 198 2196 c.
221 2153 318 2210 Cyr.
339 2154 383 2205 2,
409 2153 448 2204 1,
469 2152 548 2208 203
582 2153 678 2209 Cyr.
705 2153 742 2204 1,
765 2153 806 2207 6,
827 2153 898 2199 22.
921 2169 955 2200 c.
979 2154 1076 2211 Cyr.
1098 2154 1140 2209 8,
1164 2154 1204 2207 1,
1224 2154 1304 2207 21;
1334 2154 1429 2211 Cyr.
1455 2154 1494 2209 1,
1515 2154 1556 2208 6,
1581 2154 1650 2201 15,
1671 2169 1737 2210 sq,

162 2246 195 2276 c.
226 2230 321 2286 Cyr.
356 2230 398 2284 8,
419 2231 461 2284 2,
482 2231 572 2284 24).
632 2230 851 2273 Habemus
873 2232 997 2287 igitur
1024 2231 1094 2273 illo
1117 2233 1257 2288 capite
1277 2233 1409 2276 totius
1438 2231 1734 2288 Cyropaediae

163 2308 373 2362 quandam
401 2307 525 2362 quasi
553 2307 921 2351 adumbrationem.
983 2308 1176 2364 Longum
1204 2314 1344 2351 tamen
1367 2314 1437 2351 est
1456 2308 1584 2351 latius
1607 2321 1735 2364 expo-

164 2398 286 2435 nere,
337 2384 450 2439 quae
480 2385 575 2425 boni
604 2398 708 2426 esse
738 2386 1003 2440 imperatoris
1032 2386 1260 2428 contendat
1286 2385 1547 2440 Xenophon,
1598 2398 1739 2439 neque

162 2459 245 2500 hoc
271 2473 367 2502 mea
393 2460 591 2508 interest,
630 2460 883 2515 praesertim
910 2475 1003 2502 cum
1025 2475 1149 2516 quam
1168 2462 1326 2503 minuta
1347 2461 1471 2503 suerit
1492 2461 1587 2516 ejus
1609 2460 1647 2502 in
1669 2460 1737 2502 his

162 2528 293 2577 rebus
324 2536 614 2578 describendis
646 2535 863 2591 diligentia
892 2551 1028 2592 saepe
1050 2539 1107 2580 sit
1128 2538 1240 2592 quod
1260 2537 1442 2590 mireris,
1475 2538 1544 2592 qui
1566 2536 1738 2582 disertis

163 2612 342 2654 affirmet
361 2612 520 2654 ·verbis
550 2612 806 2655 minimarum
837 2628 916 2655 non
948 2614 1085 2669 magis
1128 2627 1252 2669 quam
1291 2614 1561 2656 maximarum
1601 2627 1738 2656 rerum

165 2700 305 2732 curam
334 2687 514 2731 alienam
543 2703 647 2731 esse
669 2691 722 2732 ab
745 2691 957 2733 exercitus
979 2690 1109 2744 duce,
1142 2704 1234 2732 cum
1255 2703 1390 2746 saepe
1412 2690 1556 2746 parvis
1577 2694 1739 2733 tantum

164 2768 292 2810 rebus
314 2765 523 2822 neglectis
544 2765 612 2808 vel
635 2780 771 2821 equus
794 2766 862 2809 vel
882 2756 1006 2810 miles
1027 2767 1228 2824 perdatur
1250 2767 1365 2823 (Cyr.
1386 2766 1429 2821 6,
1454 2764 1497 2820 3,
1516 2765 1605 2819 21).
1631 2801 1634 2803 ,
1656 2766 1738 2807 Sa·

164 2844 222 2885 tis
244 2849 314 2887 est
334 2844 625 2887 demonstrare
647 2843 701 2887 ad
721 2843 830 2886 hanc
856 2845 1058 2887 rationem
1084 2844 1314 2888 Persarum
1334 2845 1462 2888 vitam
1482 2855 1586 2887 esse
1607 2846 1738 2886 totam
