1860 3064
897 140 930 191 3

133 291 230 334 aliis
258 289 481 332 laudentur
510 292 568 330 et>
583 286 734 330 felices
760 287 1055 342 praedicentur
1064 301 1076 337 ;
1116 299 1241 341 quam
1267 286 1487 328 maximam
1512 298 1617 327 esse
1637 300 1706 327 vo-

133 367 352 423 luptatem
375 364 593 420 copiosius
628 363 801 418 exponit
830 362 975 416 (Mem.
1006 361 1051 413 l,
1073 360 1123 411 6,
1143 362 1186 405 9.
1230 358 1291 411 4,
1309 360 1358 412 8,
1385 361 1456 415 6),
1494 362 1704 404 affirmans

132 441 255 484 simul
282 441 428 495 (Mem.
449 439 492 492 2,
516 438 555 490 1,
576 437 653 493 31)
682 437 795 484 nulla
821 453 868 481 re
895 439 1105 481 hominum
1132 443 1355 495 tantopere
1384 436 1589 481 delectari
1619 439 1702 479 ani-

133 533 247 570 mos,
267 510 269 512 ¹
288 531 412 573 quam
447 517 486 560 si
521 515 683 560 laudari
718 530 766 561 se
804 517 989 561 audiant.
1049 516 1211 559 Eadem
1246 516 1337 558 sere
1376 515 1524 568 (conv,
1556 515 1598 566 8,
1629 513 1706 568 38)

132 592 346 650 Autolyco
366 598 415 636 ut
433 594 610 635 maxime
632 593 874 648 expetenda
895 598 1122 638 enumerat.
1184 592 1344 634 Censet
1363 593 1504 646 igitur,
1527 592 1706 632 omnium

133 683 269 712 rerum
296 667 469 723 gloriam
494 669 671 711 maxime
700 682 804 711 esse
828 668 1077 724 petendam,
1110 681 1222 723 quae
1241 669 1396 709 bonum
1416 667 1475 708 sit
1500 680 1706 708 summum

134 750 179 789 et
207 758 261 787 ex
287 745 454 787 virtutis
482 746 679 799 praemiis
708 743 1023 799 amplissimum,
1054 742 1167 785 illam
1203 744 1311 785 enim
1349 744 1389 784 ei
1418 748 1579 785 tantum
1608 756 1703 783 con-

133 821 315 875 tingere,
348 821 418 875 qui
438 819 690 875 aequalibus
718 818 933 862 excellens
954 820 1110 862 virtute
1140 833 1243 861 esse
1264 819 1325 860 vir
1344 818 1559 868 videatur,
1592 817 1707 873 quod

133 895 246 939 nullo
274 896 356 939 alio
380 896 507 939 ‘modo
534 901 619 939 tam
640 895 764 939 facile
793 910 927 951 posse
956 896 1064 945 fieri,
1097 910 1221 950 quam
1250 896 1288 937 si
1317 896 1413 950 quis
1442 895 1486 935 id
1506 899 1628 949 agat,
1659 899 1707 936 ut

135 971 275 1028 qualis
303 973 459 1016 haberi*
477 970 580 1015 velit
607 971 705 1014 talis
730 972 808 1023 sit3
839 971 986 1025 (Mem.
1011 970 1050 1023 1,
1071 969 1113 1020 7,
1139 970 1175 1012 1.
1216 970 1259 1019 2,
1280 970 1323 1020 6,
1344 969 1423 1023 39)
1447 971 1593 1024 itaque
1614 968 1705 1024 glo-

132 1050 221 1092 riae
242 1049 379 1091 avidis
401 1035 616 1098 accidere,
647 1052 695 1090 ut
714 1061 884 1102 semper
902 1046 1100 1089 meliores
1122 1051 1322 1089 conentur
1343 1046 1546 1097 evadere3
1579 1046 1704 1088 nemi-

133 1125 370 1166 nem-enim
403 1137 585 1177 unquam
615 1128 773 1165 tantam
805 1127 1078 1165 consecutum
1107 1135 1210 1164 esse
1238 1120 1433 1176 gloriam,
1472 1127 1521 1164 ut
1546 1120 1707 1176 gloriae

135 1200 242 1243 satis
262 1200 423 1242 habere
444 1200 527 1241 sibi
546 1199 773 1241 videretur.

252 1275 356 1317 Cum
370 1276 495 1330 igitur
509 1274 682 1330 gloriam
697 1276 851 1317 virtute
867 1280 1053 1330 paratam
1070 1288 1095 1317 e
1113 1275 1305 1334 Socratis
1322 1275 1536 1317 sententia
1552 1276 1707 1317 bonum

136 1365 239 1393 esse
267 1366 471 1393 summum
498 1352 740 1403 videamus,
770 1350 873 1392 illud
898 1352 1212 1405 perquiramus,
1244 1365 1368 1404 quem
1392 1352 1554 1392 omnino
1576 1353 1707 1392 virum

133 1427 286 1469 bonum
304 1426 593 1469 nominandum
610 1430 655 1469 et
670 1440 779 1481 quas
792 1426 869 1468 viri
884 1426 982 1469 boni
1000 1439 1103 1469 esse
1116 1426 1298 1469 virtutes
1311 1427 1537 1472 censuerit.
1568 1426 1709 1470 Docet

135 1503 282 1555 (Mem.
303 1502 346 1552 3,
366 1504 408 1553 8,
428 1502 470 1547 2.
500 1502 565 1554 3),
587 1501 740 1545 nullam
759 1516 848 1544 rem
867 1517 946 1557 per
965 1516 1017 1544 se
1039 1516 1142 1545 esse
1162 1504 1334 1552 bonam,
1366 1503 1447 1545 sed
1468 1517 1615 1546 omnes
1635 1518 1708 1545 res

136 1579 190 1620 ab
210 1578 447 1621 hominibus
467 1582 648 1628 tautum,
680 1579 752 1634 qui
779 1579 832 1621 iis
851 1582 1043 1629 utantur,
1074 1579 1213 1621 bonas
1241 1579 1460 1629 nominari,
1491 1580 1530 1621 si
1557 1578 1612 1622 ad
1640 1593 1707 1630 ea,

137 1655 189 1696 ad
213 1668 322 1709 quae
350 1656 403 1696 iis
424 1659 593 1697 utantur
613 1655 824 1705 homines,
856 1654 985 1697 utiles
1008 1656 1112 1706 sint3
1143 1656 1288 1709 itaque
1310 1654 1410 1697 nihil
1429 1654 1555 1710 plane
1581 1657 1706 1699 inter-

137 1743 261 1780 esse,
298 1735 435 1773 utrum
461 1744 549 1780 rem
576 1729 784 1785 quandam
809 1731 960 1773 bonam
987 1745 1039 1773 an
1067 1730 1213 1774 utilem
1241 1745 1345 1774 esse
1374 1731 1515 1783 dicas;
1554 1733 1708 1775 bonum

135 1819 236 1848 vero
254 1810 299 1848 et
314 1805 530 1862 pulchrum
546 1819 649 1848 esse
665 1806 788 1856 idem,
809 1807 882 1857 ita,
903 1811 950 1849 ut
970 1805 1039 1849 vel
1061 1808 1200 1849 corbis
1221 1807 1277 1849 ad
1296 1807 1546 1863 portandum
1566 1808 1706 1851 fimum

137 1887 273 1938 apta„
291 1882 512 1924 dummodo
534 1883 593 1925 sit
613 1886 736 1938 apta,
773 1880 948 1938 pulchra
969 1884 1027 1926 sit
1047 1883 1191 1936 (Mem.
1214 1881 1257 1934 3,
1279 1881 1318 1933 8,
1341 1882 1404 1937 6).
1464 1883 1564 1926 Pari
1584 1885 1707 1927 modo

137 1959 264 2001 etiam
286 1971 382 2000 eum
402 1958 552 2009 solum,
578 1959 648 2014 qui
669 1958 725 2000 ad
745 1971 811 2009 ea,
834 1972 944 2014 quae
965 1960 1094 2001 virum
1116 1959 1270 2002 deceat
1290 1973 1433 2015 agere,
1454 1960 1710 2016 perficienda

138 2035 372 2090 sit-aptus,
402 2036 531 2077 virum
557 2036 710 2077 bonum
736 2049 871 2090 posse
899 2036 1116 2086 nominari;
1152 2037 1290 2078 minus
1311 2051 1412 2079 vero
1433 2038 1606 2087 bonum,
1638 2040 1709 2092 qui

137 2109 239 2151 nihil
268 2112 377 2153 bene
404 2116 505 2166 agat
525 2111 673 2166 (Mem.
693 2109 736 2161 3,
757 2111 800 2163 9,
824 2110 912 2168 15).
974 2111 1196 2161 Quaenam
1222 2120 1360 2155 autem
1381 2117 1481 2155 sunt
1500 2127 1572 2155 res
1593 2112 1709 2165 illae,

139 2200 247 2241 quas
268 2199 297 2229 a
317 2188 404 2229 viro
427 2189 535 2230 bono
556 2188 645 2242 geri
664 2186 768 2230 velit
789 2187 1021 2230 Socrates?
1081 2187 1147 2228 Ex
1168 2188 1233 2237 iis,
1260 2202 1370 2243 quae
1393 2188 1492 2238 dixi,
1515 2195 1709 2244 apparet,

140 2261 361 2305 Socratem
388 2263 481 2305 sine
510 2263 635 2305 dubio
664 2278 740 2319 pro
768 2264 924 2319 optimo
946 2263 1036 2305 cive
1057 2263 1261 2306 habuisse
1283 2264 1417 2306 civem
1436 2251 1707 2308 utilissimum

138 2342 165 2385 i.
187 2352 225 2384 e.
247 2339 402 2390 civem,
434 2340 504 2394 qui
534 2352 660 2395 quam
687 2338 875 2395 plurimis
895 2340 1050 2395 prosit,
1080 2353 1219 2394 neque
1239 2339 1367 2381 ullum
1387 2340 1596 2383 hominem
1616 2341 1706 2398 plu-

138 2418 255 2460 ribus
275 2416 500 2473 prodesse,
522 2430 647 2472 quam
663 2417 733 2472 qui
754 2415 809 2459 de
829 2417 932 2460 urbe
953 2415 1024 2459 vel
1045 2417 1215 2460 civitate
1237 2422 1329 2459 tota
1344 2417 1454 2460 bene
1477 2424 1710 2470 mereatum

139 2494 282 2548 itaque
299 2493 404 2535 civis
419 2494 519 2535 boni
540 2507 657 2544 esse,
679 2493 718 2535 si
733 2492 834 2548 quid
853 2492 1023 2536 utilitati
1043 2492 1238 2548 publicae
1260 2492 1483 2535 consulere
1504 2509 1556 2537 se
1576 2508 1711 2550 posse

140 2569 304 2621 credat,
341 2569 396 2613 ad
422 2583 510 2613 rem
536 2568 745 2627 publicam
768 2568 988 2613 accedere.
1048 2568 1115 2612 Ex
1142 2567 1291 2612 salute·
1304 2570 1412 2612 enim
1433 2571 1494 2614 rei
1511 2570 1709 2626 publicae

138 2658 221 2687 non
242 2643 379 2686 solum
399 2644 509 2687 alios
528 2647 666 2697 cives,
704 2646 785 2688 sed
804 2646 934 2689 etiam
954 2659 1070 2696 eum,
1102 2646 1172 2700 qui
1193 2646 1337 2687 bonae·
1352 2660 1487 2688 rerum
1509 2646 1708 2689 conditio-

139 2721 206 2764 nis
233 2720 448 2764 exstiterit
473 2727 633 2774 auctor,
661 2723 844 2787 ejusque
865 2723 1024 2766 amicos
1052 2722 1229 2765 fructum
1248 2724 1490 2779 percipere,
1526 2723 1711 2778 ideoque

142 2810 257 2849 eum,
289 2797 361 2853 qui
388 2798 449 2840 rei
475 2796 672 2854 publicae
697 2799 834 2855 prosit
860 2804 905 2843 et
931 2799 1014 2842 sibi
1036 2803 1080 2842 et
1100 2798 1246 2842 amicis
1265 2798 1479 2855 prodesse
1500 2798 1648 2854 (Mem.
1668 2798 1712 2851 3,

1372 2885 1429 2931 1*
