1860 3064
888 216 957 267 20

127 363 169 416 8,
190 364 234 415 5,
254 363 350 421 21),
383 364 437 408 de
464 364 595 406 rebus
623 368 763 406 tamen
797 362 950 405 divinis
971 360 1202 421 consulitur
1229 360 1345 418 (Gyr.
1364 362 1409 411 4,
1428 360 1472 412 5,
1497 359 1564 407 17.
1595 360 1640 413 8,
1659 361 1701 413 7,

128 440 166 486 1.
199 441 252 482 cf.
282 455 313 485 r.
342 440 395 481 L.
427 437 496 490 13,
522 439 597 492 2);
635 438 867 482 Persarum
885 452 961 482 rex
982 444 1027 482 et
1046 439 1260 481 homotimi
1275 437 1572 495 jusjurandum
1590 439 1703 501 inter

125 531 176 558 se
209 517 331 565 dant,
363 515 435 557 ille
461 530 512 558 se
543 514 690 571 leges,
728 516 771 558 hi
802 530 853 558 se
887 517 1047 571 regiam
1082 520 1345 572 potestatem
1381 528 1487 572 esse
1522 515 1703 557 tuituros

125 592 241 648 (Cyr.
283 590 327 641 8,
365 590 410 645 5,
449 591 550 646 25);
602 576 753 634 eodem
787 591 1062 649 jurejurando
1103 604 1232 647 reges
1271 590 1702 634 Lacedaemoniorum

125 668 313 723 ephoros
350 669 541 723 adigunt,
581 668 727 723 ephori
753 681 882 722 reges
903 670 953 720 (r.
974 667 1026 709 L.
1060 665 1129 717 13,
1148 665 1210 719 7).
1271 667 1702 709 Lacedaemoniorum

124 744 279 786 deinde
306 742 431 799 leges
459 743 606 787 laudat
631 743 892 799 Xenophon,
934 742 1048 798 quod
1069 743 1197 785 exiis
1217 757 1297 785 non
1318 740 1465 794 liceat,
1496 742 1550 786 ad
1579 747 1701 793 suum

131 822 284 875 cuique
315 821 528 863 arbitrium
559 819 719 862 liberos
751 820 934 870 educare
960 822 1010 873 (r.
1041 819 1093 861 L.
1123 819 1167 873 2,
1197 818 1259 873 2),
1300 819 1536 874 eodemque
1574 818 1699 861 modo

124 897 356 939 Persarum
382 897 503 952 pueri
535 894 704 952 publice
741 896 973 939 educantur
1003 895 1122 952 (Cyr.
1147 895 1185 951 1,
1205 896 1249 948 2,
1269 894 1339 951 2);
1369 892 1700 939 Lacedaemonii

120 987 245 1028 porro
253 973 401 1015 habita
411 987 610 1015 annorum
626 973 784 1016 aetatis
800 974 961 1016 ratione
975 971 1213 1025 dividuntur
1226 986 1304 1028 per
1317 977 1499 1028 quatuor
1515 972 1697 1022 ordines,

121 1064 298 1104 quorum
317 1050 474 1105 primus
492 1053 563 1092 est
590 1049 691 1091 ordo
705 1063 928 1105 puerorum
957 1051 1007 1102 (r.
1021 1048 1074 1094 L.
1092 1063 1128 1093 c.
1150 1047 1213 1102 2),
1234 1046 1343 1091 alter
1363 1046 1698 1091 adolescentium

123 1129 174 1179 (r.
202 1126 255 1168 L.
294 1141 328 1171 c.
358 1125 422 1182 3),
453 1126 608 1168 tertius
632 1126 807 1167 virorum
834 1128 892 1179 (r..
910 1125 962 1171 L.
984 1125 1026 1176 4,
1047 1123 1109 1179 7),
1140 1130 1318 1180 quartus
1340 1139 1484 1167 eorum
1504 1125 1696 1175 omnium,

123 1204 278 1259 quibus
301 1201 414 1245 bello
436 1207 527 1245 orto
547 1201 658 1245 domi
674 1216 891 1245 remanere
905 1200 1035 1246 liceat
1056 1203 1108 1256 (r.
1127 1201 1179 1247 L.
1200 1202 1243 1253 4,
1265 1200 1322 1257 8),
1345 1202 1415 1258 qui
1432 1207 1530 1245 sunt
1542 1213 1697 1252 senes3

119 1292 258 1333 neque
280 1278 404 1321 aliter
416 1278 584 1320 Persae
606 1279 731 1320 divisi
754 1281 865 1321 esse
879 1279 1070 1321 dicuntur
1091 1278 1208 1334 (Cyr.
1233 1276 1270 1329 1,
1291 1278 1335 1331 2,
1354 1278 1417 1332 4).
1442 1277 1563 1328 ‘Quid
1584 1277 1696 1333 quod

115 1356 154 1396 in
177 1356 230 1397 iis
252 1368 443 1411 quoque,
476 1355 631 1410 quibus
653 1344 835 1410 quisque
858 1359 929 1397 est
949 1355 1050 1397 ordo
1073 1358 1329 1410 occupatus,
1360 1369 1441 1397 non
1462 1359 1591 1410 potes
1614 1368 1693 1395 non

117 1431 241 1474 fateri
259 1431 409 1473 eadem
422 1430 548 1486 piane
564 1445 667 1473 esse
684 1432 854 1486 negotia
870 1429 1099 1474 Persarum
1114 1417 1692 1485 atqueLacedaemoniorum.

91 1507 174 1552 ,Εἴ
205 1506 319 1562 quod
348 1507 578 1563 Lycurgus
609 1508 806 1549 sensisse
834 1506 1031 1560 traditur,
1078 1520 1177 1556 eos,
1215 1508 1255 1548 in
1296 1507 1449 1567 quihus
1490 1519 1693 1549 summum

1 1579 37 1637 Ὺ
50 1582 98 1637 '⁴13‘
116 1584 217 1626 insit
244 1584 420 1627 honoris
450 1588 494 1626 et
523 1583 665 1626 laudis
694 1583 901 1633 studium,
940 1584 1121 1639 optimos
1141 1583 1230 1626 fieri
1250 1581 1393 1626 solere
1422 1585 1474 1637 (r.
1491 1583 1545 1626 L.
1567 1584 1609 1633 4,
1629 1582 1692 1638 2),

114 1661 226 1702 idem
253 1660 366 1715 Cyro
397 1661 536 1715 magni
566 1662 764 1703 momenti
795 1661 931 1702 visum
963 1665 1054 1710 est,
1102 1661 1193 1715 qui,
1235 1665 1284 1703 ut
1312 1660 1483 1702 honoris
1515 1658 1692 1716 cupidos

114 1736 266 1779 reddat
285 1732 393 1787 τοὺς
412 1731 707 1793 ἀρχομένους,
740 1750 864 1791 quam
885 1737 1064 1779 maxime
1086 1736 1254 1787 studet,
1286 1736 1399 1792 (Cyr.
1426 1736 1470 1787 2,
1495 1735 1627 1789 un.
1647 1734 1690 1785 7,

117 1812 157 1865 1,
188 1811 255 1854 18.
287 1811 329 1862 8,
356 1812 400 1862 2,
427 1811 506 1865 26)
535 1812 591 1854 ad
618 1812 732 1866 quod
761 1812 1024 1854 efficiendum
1053 1812 1186 1865 ethic
1208 1819 1249 1855 et
1268 1811 1340 1854 ille
1361 1825 1412 1856 se
1432 1813 1613 1854 maxime
1633 1812 1693 1854 ait

108 1889 249 1944 juvari
279 1888 485 1938 curando,
521 1893 570 1931 ut
598 1889 668 1944 qui
688 1889 786 1931 boni
808 1889 894 1932 sint
920 1887 1095 1931 meliore
1115 1894 1285 1932 utantur
1305 1888 1543 1931 conditione
1565 1903 1691 1944 quam

112 1962 211 2005 mali
244 1965 295 2017 (r.
316 1961 369 2009 L.
390 1962 433 2013 9,
455 1962 498 2006 3.
530 1963 581 2009 cf.
605 1963 700 2019 Cyr.
721 1962 764 2013 3,
785 1962 828 2014 3,
849 1962 920 2008 52.
951 1963 994 2013 2,
1021 1963 1065 2015 2,
1089 1962 1179 2022 17).
1237 1964 1388 2020 ltaque
1409 1968 1455 2007 et
1473 1964 1624 2008 Persis
1646 1969 1691 2008 et

111 2040 468 2082 Lacedaemoniis
496 2040 539 2081 id
564 2041 745 2082 maxime
773 2054 877 2082 esse
907 2041 1190 2096 appetendum
1220 2042 1435 2092 docemur,
1475 2047 1522 2084 ut
1552 2042 1689 2084 omnia

112 2115 184 2158 illa
200 2116 353 2166 officia,
377 2129 489 2171 quae
504 2111 559 2158 τὰ
579 2111 693 2159 καλὰ
708 2120 832 2158 vocat
845 2116 1084 2172 Xenophon
1107 2116 1177 2170 (cf.
1193 2116 1342 2160 Haase
1364 2117 1419 2159 ad
1439 2132 1470 2162 r.
1484 2114 1537 2162 L.
1558 2115 1601 2168 3,
1621 2115 1688 2170 3),

96 2191 324 2256 *expleant
385 2192 568 2234 Discunt
593 2205 696 2234 vero
718 2197 764 2234 et
791 2193 1020 2236 Persarum
1049 2197 1093 2236 et
1120 2182 1549 2235 Lacedaemoniorum
1570 2194 1687 2250 pueri

23 2257 28 2268 ’
52 2258 79 2286 ””’
111 2274 156 2312 et
184 2266 488 2310 adolescentes
510 2268 793 2312 obedientiam
816 2282 917 2325 erga
936 2270 1213 2325 magistratus
1234 2268 1348 2325 (Cyr.
1375 2268 1413 2320 1,
1433 2268 1477 2320 2,
1499 2267 1539 2314 8.
1570 2283 1602 2311 r.
1630 2268 1684 2311 L.

109 2344 152 2391 2,
180 2343 225 2396 3)
248 2349 293 2386 et
319 2345 640 2398 temperantiam
669 2348 714 2387 et
742 2346 1036 2388 continentiam
1068 2347 1108 2388 in
1137 2347 1230 2387 cibo
1258 2351 1447 2401 potuque
1468 2345 1582 2400 (Cyr.
1610 2344 1637 2387 l.
1660 2345 1686 2390 l.

113 2433 144 2461 r.
167 2419 219 2463 L.
246 2418 289 2469 2,
317 2418 358 2461 7.
397 2418 439 2468 5,
468 2419 517 2473 4)
549 2424 595 2462 et
616 2421 963 2464 exercitationem
984 2423 1023 2463 in
1041 2422 1167 2464 armis
1189 2421 1303 2476 (Cyr.
1327 2420 1366 2471 1,
1386 2421 1429 2472 2,
1449 2421 1514 2475 9),
1538 2422 1684 2476 itaque

108 2493 263 2548 quales
292 2494 585 2536 describuntur
612 2496 1043 2537 Lacedaemoniorum
1073 2496 1376 2538 adolescentes
1405 2499 1453 2549 (r.
1480 2495 1533 2539 L.
1568 2494 1612 2545 3,
1642 2497 1682 2540 4.

104 2569 167 2625 5),
207 2568 322 2614 tales
350 2568 473 2612 facile
502 2585 715 2626 agnosces
738 2570 900 2628 Cyrum
929 2572 1044 2629 (Cyr.
1070 2571 1109 2624 1,
1135 2572 1176 2623 4,
1198 2572 1243 2627 4)
1265 2577 1310 2615 et
1331 2571 1558 2616 Persarum
1581 2572 1681 2615 ado-

103 2645 328 2689 lescentes
350 2645 466 2701 (Cyr.
488 2645 530 2696 8,·
559 2645 597 2697 1,
618 2646 722 2701 33),
754 2653 883 2703 atque
903 2652 961 2690 ut
971 2649 1200 2691 Persarum
1220 2648 1320 2690 viris
1343 2648 1480 2704 Cyrus
1501 2648 1623 2705 (Gyri
1638 2646 1698 2699 7,

103 2721 145 2773 5,
167 2722 275 2778 79),
307 2723 367 2765 ita
392 2722 619 2778 Lycurgus
639 2723 992 2767 Lacedaemoniis
1021 2727 1069 2779 (r.
1094 2725 1145 2770 L.
1166 2723 1209 2774 7,
1229 2723 1278 2779 2)
1300 2726 1487 2781 corporis
1507 2724 1679 2780 potissi-

105 2796 215 2841 mum
237 2792 567 2842 exercitationes
590 2803 635 2841 et
655 2799 808 2843 bellica
829 2801 972 2843 studia
993 2800 1270 2846 commendat.
1339 2800 1494 2855 Neque
1514 2799 1681 2843 Persae

104 2888 243 2929 neque
253 2876 583 2919 Lacedaemonii
606 2889 787 2931 unquam
807 2877 990 2920 inermes
1011 2876 1209 2920 incedunt
1236 2878 1284 2930 (r.
1299 2877 1352 2918 L.
1378 2874 1616 2931 12,,,4.ΰγι·.
1637 2875 1680 2927 2,
