1860 3064
888 161 957 213 26

137 307 407 361 adscriptum.
476 307 546 348 Ad
577 312 799 362 utrumque
830 309 911 349 hoc
942 306 1100 362 aliquid
1131 306 1239 349 lucis
1270 306 1393 350 affert
1429 308 1710 350 testimonium

136 383 344 438 Diogenis
366 382 528 426 Latii-tii
549 386 604 437 (v.
628 385 748 426 Socr.
770 399 810 439 p,
832 383 890 426 57
913 384 977 426 ed.
1002 369 1174 439 Steph.)
1192 383 1521 439 Xenophontem
1540 398 1717 439 pugnae:

137 458 251 513 apud
277 457 447 500 ‘Delium
479 459 547 503 01.
568 458 640 509 89,
675 459 696 501 1
731 460 983 502 commissae
1013 459 1256 502 interfuisse
1288 460 1509 502 narrantis.
1585 459 1710 502 Unde

137 534 342 588 quosdam
363 533 487 575 simul
507 535 724 577 Anabasis
744 534 863 577 locos
884 535 957 587 (cs.
978 535 1116 577 Anah.
1136 535 1180 585 2,
1206 535 1243 585 1,
1268 534 1335 577 13.
1366 534 1409 585 3,
1435 535 1472 585 ¹,
1492 534 1562 580 25.
1601 533 1644 585 3,
1664 534 1709 585 2,

135 608 211 662 37)
231 611 516 665 respicientes
538 624 632 653 eum
653 616 896 665 computare
917 625 1149 665 possumus
1173 609 1239 653 vel
1264 609 1333 652 01.
1354 609 1426 661 84,
1453 603 1471 653 i
1505 609 1574 653 vel
1601 616 1709 653 anno

136 685 422 741 praecedente
446 699 550 728 esse
571 691 726 733 natum.
807 684 905 735 Qua
933 686 987 727 de
1008 700 1054 728 re
1076 686 1172 727 vide
1194 685 1420 740 Spillerum
1438 690 1634 741 (quaest.
1656 687 1710 729 de

136 762 250 804 Xen.
271 762 311 803 h.
334 776 395 816 gr.
417 763 589 816 specim.
611 776 651 816 p.
673 761 749 814 42)
772 767 816 804 et
837 775 945 816 quos
966 762 1023 802 ibi
1044 760 1204 811 laudat,
1235 761 1497 816 Kruegerum
1519 747 1709 817 (quaest.

138 838 192 878 de
213 838 284 881 vit.
307 837 419 879 Xen.
441 851 483 892 p.
504 836 565 890 6),
589 836 805 878 Corsinum
827 837 885 890 (F
889 841 971 879 ast.
993 837 1084 879 Att.
1107 836 1175 882 Ill.
1197 851 1236 892 p.
1257 835 1378 891 297),
1401 838 1710 881 Schneider-um

138 913 294 968 (praef.
316 914 372 955 ad
392 913 503 955 Xen.
525 913 566 955 h.
586 928 647 968 gr.
669 928 709 969 p.
731 913 806 955 lX.
830 916 928 967 sq.).
995 914 1062 954 Ac
1091 913 1313 968 Diogenes
1340 913 1542 956 Laertius
1574 913 1625 967 (1.
1656 914 1709 967 l.)

139 994 278 1031 narrat
298 989 647 1044 Xenophontem,
680 990 749 1043 qui
771 989 809 1029 in
832 988 904 1030 illa
925 1002 1065 1043 pugna
1087 1002 1141 1031 ex
1161 1002 1272 1043 equo
1295 989 1548 1044 decidisset,
1579 1005 1607 1031 a
1627 990 1707 1031 So·

137 1070 253 1106 crate
285 1078 390 1107 esse
422 1069 649 1106 servatum.
730 1063 826 1113 Quo
858 1065 1098 1106 testimonio
1132 1065 1259 1106 etiam
1297 1064 1514 1114 docemur,
1564 1065 1707 1106 Xeno-

138 1141 338 1195 phontem
367 1140 581 1195 stipendia
609 1153 719 1194 equo
747 1139 976 1196 meruisse,
1014 1139 1124 1180 unde
1154 1140 1361 1195 conjicere
1390 1138 1507 1190 licet,
1547 1152 1643 1182 eum
1666 1140 1709 1181 in

139 1229 309 1257 numero
342 1214 541 1257 nobilium
574 1216 832 1269 divitumque
863 1215 998 1256 fuisse
1031 1215 1178 1255 civium
1208 1215 1280 1267 (cf,
1300 1214 1522 1257 Hermann.
1551 1213 1709 1259 Lehrb.

138 1294 182 1334 d.
210 1291 380 1347 yrieclc.
414 1290 693 1333 Staatsalttli.
726 1295 751 1341 5
782 1289 888 1340 152,
920 1305 961 1331 η.
990 1290 1056 1331 17.
1093 1290 1203 1332 Xen.
1228 1290 1390 1334 oecon.
1411 1290 1453 1344 2,
1474 1290 1535 1344 6).
1596 1289 1711 1333 Nihil

138 1382 238 1409 vero
270 1368 373 1409 certi
405 1367 527 1408 nobis
558 1367 754 1409 traditum
792 1371 882 1416 est,
944 1378 1196 1420 quamquam
1233 1371 1425 1409 statuere
1462 1381 1709 1421 possumus,

139 1443 430 1484 educationem
459 1442 756 1496 Xenophontis
786 1441 923 1483 fuisse
954 1455 1068 1490 eam,
1101 1446 1411 1497 quam'postea
1440 1444 1480 1483 in
1512 1441 1636 1485 bellis
1668 1448 1712 1485 et

138 1518 297 1561 militiis
318 1532 421 1573 prae
443 1532 493 1560 se
516 1516 671 1567 tulerit,
705 1531 885 1572 eumque
907 1518 1094 1572 corporis
1115 1518 1486 1560 exercitationibus
1507 1532 1711 1561 summam

139 1594 316 1636 dedisse
339 1607 522 1648 operam.
584 1593 641 1635 Et
661 1593 715 1634 ad
737 1593 883 1635 literas
906 1607 1001 1635 eum
1021 1594 1266 1635 incubuisse
1286 1592 1354 1635 vel
1377 1607 1429 1635 eo
1451 1594 1710 1637 demonstra-

140 1677 225 1720 tur,
258 1670 372 1724 quod
400 1683 496 1711 eum
525 1669 718 1711 Socratis
746 1667 997 1723 discipulum
1024 1669 1161 1710 fuisse
1190 1670 1367 1718 scimus,
1406 1671 1476 1724 qui
1503 1684 1712 1725 nunquam

141 1761 218 1787 non
241 1747 423 1800 optimos
446 1757 641 1799 quosque
656 1746 859 1799 juvenum
881 1744 936 1785 ad
955 1758 1007 1785 se
1028 1742 1197 1785 allicere
1218 1745 1440 1796 studebat;
1482 1745 1642 1800 qua-de
1667 1759 1713 1787 re

141 1826 285 1863 exstat
311 1818 621 1862 narratiuncula
646 1819 853 1873 Diogenis
880 1819 1042 1862 Laertii
1070 1823 1126 1871 (v.
1146 1820 1258 1862 Xen.
1287 1821 1308 1874 §
1337 1820 1365 1862 2
1394 1820 1463 1863 ed.
1484 1820 1712 1873 Bornem.).

139 1895 210 1938 Nil
241 1910 340 1937 vero
364 1896 418 1937 de
445 1900 635 1949 tempore
667 1896 902 1944 annotavit,
942 1909 1024 1948 quo
1056 1895 1137 1936 hoc
1168 1895 1323 1936 factum
1354 1910 1457 1937 esse
1489 1900 1713 1945 statueret,

140 1977 324 2014 attamen
358 1985 383 2012 a
414 1984 514 2012 vero
547 1984 626 2011 non
657 1970 757 2011 mihi
791 1970 934 2011 videor
959 1971 1175 2020 aberrare,
1207 1970 1287 2012 hoc
1309 1970 1379 2013 Ol.
1400 1969 1471 2021 88,
1502 1971 1531 2013 4
1553 1969 1624 2013 vel
1645 1970 1713 2017 01.

141 2047 212 2096 89,
254 2046 282 2087 1’
316 2047 555 2100 assignans.
601 2046 839 2100 Xenophon
879 2050 965 2086 tum
1004 2045 1207 2086 decimum
1245 2061 1395 2088 nonum
1429 2047 1520 2088 fere
1558 2047 1715 2101 agebat

142 2136 291 2164 annum
313 2127 358 2164 et
379 2122 465 2163 veri
489 2122 652 2163 videtur
673 2121 831 2170 simile,
865 2134 959 2162 eum
991 2126 1077 2163 tum
1106 2121 1286 2163 Socrate
1314 2121 1571 2164 familiariter
1592 2137 1716 2164 usum

142 2212 265 2247 esse3
319 2202 434 2239 certo
473 2198 631 2239 scimus
668 2211 755 2238 rem
792 2198 851 2239 ita
881 2210 932 2239 se
970 2197 1177 2238 habuisse
1215 2195 1285 2238 Ol.
1316 2196 1388 2247 89,
1426 2197 1468 2247 4,
1509 2197 1574 2238 ad·
1603 2185 1716 2252 quod

142 2279 310 2329 tempus
342 2273 596 2315 Athenaeus
629 2273 703 2325 (V.
725 2287 764 2328 p.
786 2271 899 2326 218)
930 2273 1144 2316 victoriam
1175 2273 1305 2316 refert
1332 2271 1515 2317 Autolici
1547 2278 1592 2317 et
1620 2289 1714 2317 con-

143 2351 294 2391 vivium
316 2348 476 2391 Calliae
498 2364 582 2403 quo
603 2348 790 2391 Autolici
812 2350 981 2391 victoria
1002 2349 1217 2392 celebrata
1240 2355 1329 2399 est,
1367 2351 1431 2391 cui
1454 2351 1642 2391 convivio
1664 2364 1715 2392 se

143 2424 336 2466 adfuisse
366 2429 549 2467 testatur
573 2425 811 2480 Xenophon
843 2424 990 2478 (ConV.
1025 2424 1069 2475 1,
1102 2424 1138 2467 1.
1171 2425 1228 2467 cf.¹
1257 2425 1456 2473 Schneid.
1492 2426 1625 2482 praef.
1660 2427 1716 2469 ad

142 2501 182 2542 h.
206 2514 264 2554 gr.
287 2515 327 2554 p.
358 2500 516 2554 XlX.).
589 2501 680 2542 Sed
715 2500 839 2541 facile
867 2501 966 2541 mihi
987 2501 1251 2555 persuadeo,
1289 2501 1715 2556 Xenophontem-sin

141 2577 276 2617 minus
299 2579 438 2624 antea,
461 2580 506 2618 at
526 2576 671 2618 statim
692 2581 792 2631 post
813 2590 994 2631 pugnam
1010 2575 1257 2620 Deliensem
1278 2576 1602 2624 familiaritatem
1622 2579 1719 2635 ejus

143 2653 347 2706 petiisse,
380 2652 504 2707 cujus
533 2652 773 2693 fortitudine
793 2653 914 2694 morti
935 2651 1004 2694 vel
1025 2653 1260 2708 captivitati
1282 2658 1457 2709 ereptus
1479 2653 1649 2697 fuisset.

261 2727 375 2778 Quid
398 2741 498 2769 vero
520 2727 758 2783 Xenophon
787 2742 864 2783 per
884 2733 1018 2771 totum
1038 2728 1139 2787 belli
1161 2717 1529 2784 Peloponnesiaci·
1547 2735 1717 2784 tempus

144 2805 297 2857 egerit,
329 2804 502 2847 definire
534 2818 613 2846 non
641 2804 791 2850 audeo.
852 2804 1058 2859 Legimus
1086 2804 1199 2859 apud
1226 2804 1533 2858 Philostratum
1560 2803 1716 2858 (Soph.
