1860 3064
884 102 951 154 41

971 166 1057 173 *-

135 255 326 299 nostrum
347 269 348 272 ¹
366 248 628 292 formandum
677 260 781 292 esse
821 248 1035 299 existimo,
1086 253 1222 292 utrum
1260 246 1363 293 illud
1402 247 1700 303 Xenophontis

125 312 321 372 >studium
335 326 501 371 nimium
520 323 712 368 videatur
724 324 861 367 fuisse
878 339 1024 370 annon.
1058 324 1181 376 Quae
1198 326 1306 368 enim
1323 324 1531 382 ejusmodi
1549 325 1587 365 in
1604 322 1700 367 aliis

133 402 433 457 Xenophontis
454 401 718 457 reperiuntur
730 402 921 457 scriptis,
953 415 1096 445 eorum
1114 400 1244 445 multo
1265 403 1397 443 minor
1417 401 1581 443 videtur
1601 400 1700 442 mihi

136 490 239 520 esse
266 477 321 518 ad
347 481 533 519 nostrum
554 476 757 532 judicium
789 482 1007 532 potestas,
1058 491 1181 532 quam
1212 490 1372 526 eorum,
1423 491 1534 532 quae
1561 478 1600 518 in
1630 475 1702 518 illa

134 551 329 607 leguntur
348 551 545 611 historia,
578 566 669 595 cum
694 553 803 598 hanc
822 554 1005 609 inprimis
1028 555 1091 607 ei,
1114 554 1182 609 qui
1206 553 1261 595 ad
1280 553 1497 595 historiam
1514 554 1698 595 scriben-

138 628 233 671 dam
254 627 451 678 accedat,
483 629 772 684 imponendam
800 642 903 672 esse
930 628 1068 683 legem
1096 642 1312 678 censeam,
1345 634 1391 671 ut
1411 629 1573 670 animus
1604 630 1700 685 ejus

134 705 194 748 sit
220 705 274 747 ab
303 705 409 746 omni
437 706 615 760 partium
640 705 780 749 studio
814 704 990 750 alienus.
1059 706 1204 760 Atque
1227 706 1296 746 vix
1315 703 1443 746 ullum
1465 710 1535 747 est
1554 703 1697 747 Xeno-

134 780 308 838 phontis
344 794 474 835 opus,
512 781 568 823 de
604 795 687 836 quo
723 780 824 834 quid
855 781 914 822 sit
941 781 1211 822 statuendum
1247 785 1468 835 tantopere
1504 781 1611 822 inter
1646 794 1698 822 se

135 855 390 898 dissentiant
408 857 483 897 viri
506 856 628 902 docti.
688 856 747 899 Ut
768 857 876 899 enim
897 857 936 898 in
958 858 1197 899 universum
1218 855 1286 899 alii
1309 857 1524 907 affirmant,
1555 857 1594 898 in
1616 855 1700 898 illis

135 929 253 973 libris
279 945 306 972 a
326 931 609 986 Xenophonte
631 945 793 973 omnem
814 933 967 986 ingenii
989 933 1056 973 sui
1080 937 1368 980 venustatem,
1399 933 1521 973 animi
1543 930 1698 986 simpli-

140 1006 325 1056 citatem,
350 1006 590 1050 honestatis
611 1020 794 1050 amorem
824 1012 870 1052 et
898 1008 936 1049 in
967 1007 1073 1050 deos
1093 1009 1295 1063 pietatem
1319 1008 1458 1049 verbis
1479 1012 1565 1050 tam
1585 1008 1701 1063 puris

136 1095 385 1138 expressam
407 1096 510 1124 esse
533 1087 577 1125 et
593 1082 885 1138 elegantibus,
917 1089 963 1126 ut
982 1085 1117 1138 imago
1139 1085 1261 1126 animi
1284 1089 1328 1125 et
1353 1084 1504 1137 ingenii
1525 1097 1698 1124 morum-

134 1160 217 1213 que
246 1159 342 1214 ejus
369 1163 510 1201 exstet
538 1159 577 1205 in
598 1159 651 1200 iis
672 1160 894 1201 verissima
915 1160 1130 1212 (Schneid.
1153 1160 1285 1215 praef.
1309 1160 1364 1201 ad
1384 1160 1424 1200 h.
1446 1173 1504 1213 gr.
1526 1174 1565 1214 p.
1588 1158 1698 1211 XL),

135 1232 204 1275 alii
225 1246 368 1276 eorum
389 1238 535 1276 notant
551 1233 795 1285 exilitatem,
817 1233 1071 1289 languorem,
1093 1236 1327 1277 siccitatem
1350 1235 1416 1286 (F.
1439 1236 1491 1277 A.
1507 1233 1638 1276 Wolf.
1660 1235 1699 1275 in

135 1309 260 1363 epist.
282 1309 337 1350 ad
359 1309 558 1350 Schneid.
579 1324 620 1364 p.
645 1309 739 1353 ¹26.
763 1309 957 1352 Creuzer.
978 1310 1003 1353 l.
1030 1309 1055 1351 l.
1077 1325 1117 1365 p.
1139 1308 1238 1361 35);
1270 1311 1329 1352 ita
1350 1311 1535 1366 inprimis
1557 1310 1610 1351 de
1632 1324 1699 1357 eo,

133 1397 229 1425 num
251 1388 295 1426 et
316 1383 441 1440 quale
461 1384 657 1440 prodatur
677 1385 715 1426 in
739 1385 912 1428 historia
935 1399 1087 1441 graeca
1103 1386 1401 1441 Xenophontis
1422 1387 1461 1428 in
1478 1385 1697 1428 Lacedae·

133 1460 295 1501 monios
317 1460 499 1502 studium
521 1466 565 1502 et
585 1461 906 1503 Atheniensium
929 1462 1092 1514 odium,
1124 1463 1231 1503 inter
1252 1476 1303 1503 se
1326 1462 1579 1517 discrepant.

249 1535 294 1577 In
333 1534 403 1577 illo
433 1536 697 1592 dijudicando
732 1551 810 1578 non
838 1538 956 1592 parvi
985 1538 1179 1580 momenti
1209 1543 1277 1580 est
1304 1539 1537 1590 sententia,
1576 1551 1699 1591 quam

133 1611 291 1666 primus
319 1610 492 1666 protulit
530 1612 788 1653 Niebuhrius
823 1612 985 1665 (kleine
1019 1613 1170 1656 histor.
1205 1628 1246 1654 u.
1278 1613 1434 1667 philol.
1474 1612 1700 1667 Schriften

126 1701 177 1741 p.
198 1685 318 1738 464)
341 1686 571 1737 affirmans,
592 1687 808 1729 historiam
829 1687 1183 1742 Xenophonteam
1205 1688 1510 1743 sejungendam
1533 1700 1635 1730 esse
1657 1688 1696 1727 in

134 1761 241 1804 duas
280 1766 447 1817 parteS‚
500 1775 674 1817 quarum
714 1761 848 1805 altera
883 1761 1014 1805 libros
1052 1763 1160 1807 duos
1199 1763 1484 1819 complectens
1525 1764 1696 1819 primos,

134 1838 396 1894 Thucydidis
424 1838 479 1880 ad
506 1839 627 1880 finem
653 1839 857 1893 perducat
883 1839 1120 1891 historiam,
1159 1839 1292 1882 altera
1321 1841 1537 1882 continens
1566 1839 1698 1881 libros

131 1919 372 1969 postremos
400 1915 583 1970 quinque
611 1915 777 1970 proprie
805 1916 862 1958 sit
892 1916 1068 1958 historia
1095 1930 1248 1971 graeca
1276 1917 1544 1967 nominanda3
1584 1930 1697 1958 eum-

134 2003 217 2044 que
252 1989 365 2032 haud
398 1991 521 2045 pauci
550 1995 651 2033 sunt
679 1992 816 2033 secuti
845 1991 915 2045 (cs.
946 1990 1113 2046 Spiller.
1143 1990 1168 2032 1.
1198 1990 1230 2032 l:
1258 2006 1297 2046 p.
1326 1990 1417 2045 27).
1477 1990 1697 2034 Niebuhrii

132 2067 344 2108 sententia
371 2067 513 2108 nititur
540 2067 725 2121 inprimis
754 2066 844 2107 loeo
874 2067 912 2106 in
944 2067 1023 2108 fine
1045 2065 1135 2107 libri
1156 2067 1330 2108 secundi
1352 2067 1554 2109 historiae
1575 2080 1695 2121 grae-

133 2155 231 2191 cae,
269 2142 339 2183 ubi
372 2141 608 2197 Xenophon
647 2142 852 2183 enarratis
883 2142 1012 2183 rebus
1043 2155 1069 2182 a
1100 2141 1369 2199 Thracybulo
1410 2143 1548 2196 gestis
1590 2142 1696 2184 haec

132 2218 323 2272 scripsit:
360 2215 434 2260 καὶ
466 2213 705 2272 ὀμόσαντες
729 2213 893 2273 ὅρκους
918 2209 949 2273 ἦ
981 2213 1070 2274 μὴν
1095 2212 1155 2273 μὴ
1182 2214 1523 2273 μνησικακήσειν
1542 2214 1604 2260 ἔτι
1623 2215 1698 2259 καὶ

130 2292 220 2336 νῦν.
245 2288 361 2348 ὁμοῦ
379 2305 427 2348 γε
447 2288 750 2339 πολιτεύονται
768 2289 843 2336 καὶ
867 2294 960 2343 τοῖς
980 2289 1129 2349 ὅρκοις
1149 2288 1317 2349 ἐμμένει
1336 2287 1360 2334 ὁ
1382 2291 1533 2348 δῆμος.
1594 2292 1697 2333 Cum

134 2382 245 2424 quae
265 2369 320 2409 ibi
343 2373 557 2409 narrantur
578 2382 604 2410 a
625 2368 930 2423 Xenophonte,
962 2369 1130 2422 triginta
1150 2373 1416 2422 tyrannorum
1439 2366 1632 2423 expulsio
1655 2374 1699 2410 et

133 2443 415 2487 reconciliatio
437 2445 617 2500 partium
649 2442 792 2500 populi
827 2444 1125 2494 Atheniensis,
1159 2442 1224 2488 Ol.
1260 2443 1331 2496 94,
1363 2442 1384 2485 1
1425 2444 1697 2494 accidissent,

132 2520 287 2563 sextus
307 2533 407 2576 vero
430 2525 474 2562 et
494 2521 701 2576 septimus
723 2521 925 2563 historiae
944 2533 1124 2575 graecae
1145 2518 1249 2561 liber
1270 2525 1386 2562 certe
1408 2535 1487 2562 non
1509 2525 1607 2563 ante
1630 2519 1696 2561 01.

135 2594 234 2646 105,
262 2595 291 2639 4
312 2596 370 2638 sit
398 2596 636 2647 confectus,
682 2601 726 2639 et
753 2597 1011 2639 Niebuhrius
1039 2602 1084 2639 et
1112 2594 1341 2652 Spillerus,
1380 2598 1570 2655 quamvis
1601 2609 1694 2651 per-

131 2670 289 2723 multis,
316 2685 428 2726 quae
450 2672 771 2728 disputaverunt
791 2673 865 2713 viri
887 2672 999 2714 docti
1021 2672 1074 2713 de
1093 2671 1218 2714 editis
1240 2672 1557 2727 aXenophonte
1579 2670 1696 2711 libris

134 2746 437 2804 Thucydideis,
460 2762 547 2789 non>
562 2748 786 2799 assentiar,
807 2753 946 2791 tamen
968 2748 1122 2804 optimo
1139 2748 1235 2805 jure
1257 2748 1574 2790 demonstrasse
1597 2747 1696 2788 mihi
