1860 3064
909 191 976 243 18

150 338 207 381 ad
233 338 344 380 hunc
371 335 850 393 locum'fflsputavimus
878 338 959 380 hoc
987 338 1129 393 potius
1151 352 1256 381 esse
1278 338 1498 382 dicendum
1518 339 1724 394 videatur,

150 427 246 454 eum
288 412 358 455 illo
390 405 531 468 opere&
560 413 902 463 demonstrasse,
955 414 1109 468 quibus
1140 415 1301 456 artibus
1331 415 1547 469 imperium
1584 415 1727 469 possit

150 489 309 544 parari,
363 493 526 539 tamen,
574 482 668 530 cum
696 488 876 533 dubitari
905 494 1113 545 nequeat,
1161 490 1258 545 quin
1286 488 1390 533 illud
1416 488 1624 546 aequales
1643 490 1725 533 hoc

151 563 256 606 libro
278 564 461 607 voluerit
489 564 664 614 docere,
712 566 833 607 nobis
853 566 998 608 mirum
1020 579 1124 607 esse
1144 580 1225 607 non
1246 571 1421 621 potest,
1445 566 1726 622 ,quodsaepo

148 640 301 683 Persis
325 642 418 683 suis
449 641 706 683 Graecorum
734 642 817 682 sibi
844 628 1087 697 aequalium
1110 654 1253 684 mores
1280 646 1330 685 et.
1353 642 1548 686 instituta
1568 644 1725 693 tabuit,

149 731 242 759 cum
262 716 358 759 luce
380 717 438 759 sit
459 715 629 767 clarius,
661 730 804 781 neque
816 717 1002 784 Persas,
1034 718 1107 773 qui
1127 717 1235 772 Cyri
1237 718 1525 773 temporibus
1530 720 1722 772 fixerint,

149 807 291 848 neque
320 793 437 843 illos,
470 806 580 847 quos
608 793 846 848 Xenophon
876 795 971 848 ipse
1003 792 1140 836 oculis
1160 793 1331 844 viderit,
1364 793 1648 856 talengisse,
1678 798 1725 837 ut

151 883 229 911 eos
251 869 477 912 imitandos
506 868 682 910 credere
704 873 869 924 posset.
931 869 1076 923 Atque
1097 869 1205 912 hoc'
1194 882 1290 925 ipse
1312 869 1562 925 significavit
1575 868 1725 916 addito

151 943 341 1000 epilogo,
388 945 479 998 qui,
526 945 694 985 etiamsi
721 946 892 999 spurius
922 949 1066 994 esset,
1113 944 1225 998 quod
1250 959 1329 985 non
1352 946 1412 987 ita
1433 959 1537 987 esse
1552 946 1727 999 egregie

150 1020 340 1063 ostendit
364 1019 699 1062 vBoi-nemannus
732 1020 791 1075 (in
823 1018 950 1062 libro:
1004 1021 1086 1063 der
1122 1020 1289 1076 Epiloq
1320 1021 1401 1063 der
1437 1019 1600 1078 erop'.
1627 1025 1725 1063 etc.

150 1095 298 1150 Leipz.
307 1094 421 1136 1819
423 1099 471 1147 .),
483 1096 564 1136 hoc
578 1101 693 1138 certe
707 1096 1030 1146 demonstraret,
1043 1096 1208 1138 Persas
1225 1096 1523 1165 Xenophontis
1535 1100 1725 1150 tempore

127 1157 132 1212 ,³
150 1177 195 1214 et
236 1171 427 1234 luxuriae
474 1171 642 1215 deditos
689 1171 1038 1229 effeminatosque
1085 1177 1129 1215 et
1166 1173 1274 1214 omni
1319 1172 1528 1225 scelerum
1565 1176 1725 1227 genere

152 1229 403 1303 inquinatos
415 1237 568 1289 fuisse.
631 1246 836 1297 Quamvis
857 1248 980 1302 igitur
1000 1248 1039 1289 in
1062 1247 1328 1304 Cyropaedia
1359 1246 1490 1291 multa
1519 1246 1725 1302 legamus,

151 1338 262 1378 quae
289 1338 394 1366 esse
422 1323 572 1366 Persis
599 1325 767 1378 propria
795 1336 878 1365 non
907 1325 1128 1366 nesciebat
1156 1324 1416 1379 Xenophon,
1447 1324 1563 1379 quod
1581 1323 1726 1366 multis

151 1398 359 1454 exemplis
388 1411 442 1441 ex
468 1397 565 1441 aliis
595 1399 691 1454 ejus
719 1399 836 1442 libris
868 1400 1015 1454 petitis
1038 1399 1313 1442 demonstrari
1334 1405 1482 1455 potest
1509 1400 1583 1453 (of.
1606 1413 1645 1441 e.
1666 1414 1725 1454 gr.

151 1475 250 1530 Cyr.
279 1474 323 1525 2,
353 1475 395 1524 4,
423 1473 495 1517 20.
527 1489 564 1516 c.
593 1476 731 1520 Anah.
765 1475 802 1524 1,
831 1475 873 1525 5,
906 1475 958 1525 2;
991 1475 1089 1530 Cyr.
1111 1475 1154 1524 6,
1175 1475 1218 1524 2,
1238 1475 1309 1520 22.
1341 1483 1375 1519 c.
1396 1476 1533 1520 Anah.
1554 1474 1597 1525 6,
1617 1475 1660 1524 2,
1682 1474 1725 1523 6.

155 1551 250 1606 Cyr.
272 1549 316 1602 ⁸7,
343 1549 386 1602 3,
419 1550 486 1592 15.
520 1565 555 1591 c.
576 1551 716 1593 Anah.
742 1550 780 1600 1,
803 1550 846 1604 8,
868 1548 926 1592 28
947 1564 1037 1605 sq.;
1070 1550 1166 1606 Cyr.
1190 1550 1231 1601 8,
1253 1549 1297 1603 3,
1321 1549 1388 1594 14.
1416 1565 1453 1594 e.
1474 1551 1515 1594 h.
1537 1565 1598 1605 gr.
1618 1550 1661 1602 2,
1683 1550 1726 1601 1,

153 1626 193 1673 8,
234 1626 332 1682 Cyr.
360 1625 401 1668 3.
428 1626 472 1676 2,
499 1624 540 1670 7.
579 1641 615 1668 c.
643 1627 781 1669 Anah.
809 1627 854 1679 4,
880 1624 923 1676 3,
945 1627 1015 1679 4),
1055 1631 1099 1669 et
1120 1640 1230 1682 quae
1249 1609 1489 1682 Xenophon
1510 1640 1646 1682 saepe
1667 1628 1729 1669 ita

152 1718 204 1746 se
232 1704 358 1746 etiam
386 1717 466 1744 sua
495 1707 641 1746 aetate
669 1703 827 1745 habere
864 1705 1028 1746 notavit
1063 1702 1220 1745 additis
1247 1703 1425 1745 vocibus
1451 1700 1526 1746 καὶ
1549 1702 1639 1746 νῦν
1665 1699 1728 1746 ἔτι.

151 1779 268 1833 (Cyr.
290 1778 332 1828 6,
353 1778 395 1827 2,
422 1775 489 1819 10.
521 1777 562 1828 7,
588 1778 628 1828 1,
648 1776 720 1820 33.
752 1778 820 1820 45.
854 1778 924 1821 46.
956 1777 1026 1823 47.
1058 1777 1100 1829 8,
1120 1776 1164 1832 3,
1184 1777 1227 1823 9.
1261 1777 1328 1821 13.
1357 1776 1430 1821 34.
1461 1778 1503 1828 8,
1524 1779 1568 1833 4,
1587 1777 1628 1820 5.
1655 1777 1726 1821 28.

151 1854 251 1908 al.);
297 1858 342 1895 et
372 1854 565 1909 quamvis
586 1854 773 1908 inprimis
795 1853 949 1908 Cyrum
968 1853 1325 1908 Xenophonteum
1345 1853 1400 1895 ad
1426 1852 1663 1908 exemplum
1684 1858 1728 1895 et

152 1930 373 1984 imaginem
395 1928 495 1983 Cyri
515 1929 683 1970 minoris
712 1942 815 1971 esse
838 1929 1137 1972 conformatum
1157 1929 1365 1984 suspicari
1384 1927 1513 1972 liceat
1533 1929 1609 1986 (cf.
1630 1928 1725 1984 Cyr.

153 2004 195 2058 8,
216 2005 259 2056 2,
285 2003 352 2049 13.
384 2018 419 2045 c.
440 2005 579 2049 Anah.
604 2003 642 2054 1,
663 2004 706 2056 9,
726 2004 806 2054 24;
839 2003 937 2059 Cyr.
959 2003 1002 2054 3,
1022 2003 1065 2058 3,
1085 2003 1156 2046 58.
1178 2019 1213 2046 c.
1235 2005 1371 2047 Anah.
1396 2003 1435 2057 1,
1456 2003 1496 2055 8,
1523 2003 1599 2056 11;
1629 2004 1726 2060 Cyr.

152 2081 194 2134 8,
222 2079 266 2134 3,
294 2078 366 2128 20.
406 2095 442 2122 c.
471 2081 607 2122 Anab.
642 2080 678 2134 1,
707 2080 750 2131 9,
780 2079 860 2130 28;
900 2080 995 2136 Cyr.
1023 2080 1064 2131 8,
1093 2080 1135 2130 4,
1163 2079 1203 2126 6.
1234 2078 1275 2125 7.
1305 2079 1375 2122 24.
1406 2094 1444 2122 c.
1463 2080 1599 2125 Anah.
1624 2080 1663 2134 1,
1682 2080 1726 2129 9,

149 2158 210 2201 25
230 2170 322 2211 sq.,·
355 2156 451 2211 Cyr.
472 2155 515 2209 8,
536 2156 577 2206 4,
600 2153 670 2199 31.
692 2171 726 2201 c.
747 2156 885 2198 Anah.
910 2155 945 2203 1,
973 2156 1014 2209 2,
1041 2154 1107 2198 11.
1131 2155 1226 2210 Cyr.
1253 2153 1293 2208 1,
1313 2155 1358 2208 4,
1380 2154 1421 2198 8.
1442 2154 1568 2199 14.ὀ.
1588 2156 1726 2201 Anab.

154 2234 193 2286 1,
214 2233 257 2285 9,
279 2232 319 2274 6.
344 2231 438 2287 Cyr.
465 2231 502 2281 1,
524 2230 567 2282 3,
593 2231 631 2274 1.
672 2231 711 2285 1,
732 2231 774 2282 5,
801 2232 836 2278 1.
859 2247 893 2278 c.
918 2232 1054 2275 Anab-
1080 2230 1120 2285 1,
1139 2230 1182 2281 9,
1203 2230 1274 2285 2),
1303 2236 1444 2274 tamen
1465 2231 1729 2275 demonstra-.

150 2311 267 2352 tione
311 2310 383 2350 vix
422 2322 532 2364 opus
564 2312 655 2358 est,
708 2321 823 2358 eum,
876 2309 947 2363 qui
980 2308 1171 2352 Graecos
1201 2308 1312 2350 bene
1349 2308 1549 2363 regnandi
1592 2313 1726 2351 artem

153 2385 307 2427 docere
335 2383 488 2438 vellet,
535 2384 591 2426 ad
618 2384 699 2427 hoc
726 2385 1023 2440 perficiendum
1054 2385 1139 2427 etsi
1166 2384 1345 2428 maxime
1366 2385 1627 2440 experientia
1646 2368 1727 2427 sua

151 2460 442 2516 adjuvaretur,
487 2460 599 2502 illius
641 2461 744 2502 artis
784 2466 1017 2516 praecepta
1046 2475 1125 2520 non
1157 2461 1338 2515 petiisse
1370 2475 1396 2502 a
1425 2461 1615 2502 barbaris
1646 2461 1727 2502 sed

150 2536 295 2592 potius
323 2550 350 2577 a
379 2536 557 2579 Graecis
586 2537 706 2592 ipsis,
765 2537 911 2591 Atque
940 2537 978 2578 si
999 2536 1107 2579 sorte
1140 2550 1233 2578 eam
1261 2534 1518 2591 reipublicae
1539 2535 1725 2587 formam,

152 2626 279 2669 quam
298 2626 374 2667 pro
397 2614 557 2667 optima
579 2613 884 2655 commendavit
903 2612 1159 2668 Xenophon,
1190 2611 1368 2654 similem
1390 2611 1723 2667 esseinte'lliga·

149 2702 244 2752 mus
273 2688 435 2731 formae
473 2688 664 2731 Graecae
690 2689 921 2745 cujusdam
958 2689 1165 2739 civitatis,
1203 2688 1301 2731 inde
1329 2703 1409 2731 non
1445 2688 1730 2734 siue‘sidoneaj

152 2767 314 2808 ratione
345 2764 487 2820 coliigi
525 2779 659 2821 posse
698 2766 861 2820 opinor,
899 2766 1228 2821 Xenophontem
1262 2766 1343 2807 sibi
1370 2776 1624 2820 persuasum
1651 2763 1724 2806 ha-

152 2841 321 2891 buisse,
354 2841 467 2885 illam
487 2841 807 2897 rempublicam,
834 2842 957 2898 cujus
977 2840 1115 2884 simile
1135 2842 1252 2885 finxit
1271 2840 1371 2897 Cyri
1397 2853 1590 2895 regnum,
1622 2851 1726 2883 esse
