<?xml version="1.0" encoding="UTF-8"?>
<!DOCTYPE html PUBLIC "-//W3C//DTD XHTML 1.0 Transitional//EN"
    "http://www.w3.org/TR/xhtml1/DTD/xhtml1-transitional.dtd">
<html xmlns="http://www.w3.org/1999/xhtml" xml:lang="en" lang="en">
 <head>
  <title>
</title>
<meta http-equiv="Content-Type" content="text/html;charset=utf-8" />
  <meta name='ocr-system' content='tesseract 3.04.00' />
  <meta name='ocr-capabilities' content='ocr_page ocr_carea ocr_par ocr_line ocrx_word'/>
</head>
<body>
  <div class='ocr_page' id='page_1' title='image "4737187_0029.png"; bbox 0 0 1860 3064; ppageno 0'>
   <div class='ocr_carea' id='block_1_1' title="bbox 909 159 975 210">
    <p class='ocr_par' dir='ltr' id='par_1_1' title="bbox 909 159 975 210">
     <span class='ocr_line' id='line_1_1' title="bbox 909 159 975 210; baseline 0 0"><span class='ocrx_word' id='word_1_1' title='bbox 909 159 975 210; x_wconf 81' lang='lat'><strong>19</strong></span> 
     </span>
    </p>
   </div>
   <div class='ocr_carea' id='block_1_2' title="bbox 888 225 1077 229">
    <p class='ocr_par' dir='ltr' id='par_1_2' title="bbox 888 225 1077 229">
     <span class='ocr_line' id='line_1_2' title="bbox 888 225 1077 229; baseline 0 0"><span class='ocrx_word' id='word_1_2' title='bbox 888 225 1077 229; x_wconf 95' lang='lat' dir='ltr'><strong> </strong></span> 
     </span>
    </p>
   </div>
   <div class='ocr_carea' id='block_1_3' title="bbox 111 306 1728 2866">
    <p class='ocr_par' dir='ltr' id='par_1_3' title="bbox 111 306 1728 2400">
     <span class='ocr_line' id='line_1_3' title="bbox 111 306 1723 366; baseline -0.003 -13"><span class='ocrx_word' id='word_1_3' title='bbox 111 326 115 329; x_wconf 42' lang='lat'><em>*</em></span> <span class='ocrx_word' id='word_1_4' title='bbox 157 311 369 366; x_wconf 72' lang='lat' dir='ltr'><strong>optimam.</strong></span> <span class='ocrx_word' id='word_1_5' title='bbox 412 306 595 357; x_wconf 76' lang='lat' dir='ltr'><strong>&#39;Quodsi</strong></span> <span class='ocrx_word' id='word_1_6' title='bbox 624 307 863 348; x_wconf 65' lang='lat' dir='ltr'><strong>acwmtius</strong></span> <span class='ocrx_word' id='word_1_7' title='bbox 884 308 1015 348; x_wconf 81' lang='lat' dir='ltr'><strong>totum</strong></span> <span class='ocrx_word' id='word_1_8' title='bbox 1038 306 1332 361; x_wconf 87' lang='lat' dir='ltr'><strong>Cyropaediae</strong></span> <span class='ocrx_word' id='word_1_9' title='bbox 1354 320 1464 362; x_wconf 88' lang='lat' dir='ltr'><strong>opus</strong></span> <span class='ocrx_word' id='word_1_10' title='bbox 1486 306 1723 348; x_wconf 90' lang='lat' dir='ltr'><strong>considera·</strong></span> 
     </span>
     <span class='ocr_line' id='line_1_4' title="bbox 123 379 1727 435; baseline -0.003 -8"><span class='ocrx_word' id='word_1_11' title='bbox 123 380 126 383; x_wconf 72' lang='grc'><strong>’</strong></span> <span class='ocrx_word' id='word_1_12' title='bbox 157 382 381 433; x_wconf 76' lang='lat' dir='ltr'><strong>verimus,³-</strong></span> <span class='ocrx_word' id='word_1_13' title='bbox 415 394 501 423; x_wconf 82' lang='lat' dir='ltr'><strong>nou</strong></span> <span class='ocrx_word' id='word_1_14' title='bbox 546 379 682 422; x_wconf 88' lang='lat' dir='ltr'><strong>solum</strong></span> <span class='ocrx_word' id='word_1_15' title='bbox 730 380 893 421; x_wconf 88' lang='lat' dir='ltr'><strong>omnino</strong></span> <span class='ocrx_word' id='word_1_16' title='bbox 942 379 1244 435; x_wconf 73' lang='lat' dir='ltr'><strong>intelligemus,</strong></span> <span class='ocrx_word' id='word_1_17' title='bbox 1286 395 1426 424; x_wconf 88' lang='lat' dir='ltr'><strong>mores</strong></span> <span class='ocrx_word' id='word_1_18' title='bbox 1470 382 1727 423; x_wconf 85' lang='lat' dir='ltr'><strong>Graecorum</strong></span> 
     </span>
     <span class='ocr_line' id='line_1_5' title="bbox 157 456 1726 515; baseline -0.001 -13"><span class='ocrx_word' id='word_1_19' title='bbox 157 459 484 515; x_wconf 76' lang='lat' dir='ltr'><strong>Xenophontem</strong></span> <span class='ocrx_word' id='word_1_20' title='bbox 511 457 713 499; x_wconf 76' lang='lat' dir='ltr'><strong>tribuisse</strong></span> <span class='ocrx_word' id='word_1_21' title='bbox 746 456 897 498; x_wconf 81' lang='lat' dir='ltr'><strong>Persis</strong></span> <span class='ocrx_word' id='word_1_22' title='bbox 934 458 1045 507; x_wconf 88' lang='lat' dir='ltr'><strong>suis,</strong></span> <span class='ocrx_word' id='word_1_23' title='bbox 1081 472 1188 512; x_wconf 87' lang='lat' dir='ltr'><strong>quos</strong></span> <span class='ocrx_word' id='word_1_24' title='bbox 1225 459 1390 500; x_wconf 89' lang='lat' dir='ltr'><strong>minimo</strong></span> <span class='ocrx_word' id='word_1_25' title='bbox 1419 456 1619 500; x_wconf 83' lang='lat' dir='ltr'>credibile</span> <span class='ocrx_word' id='word_1_26' title='bbox 1656 463 1726 501; x_wconf 92' lang='lat' dir='ltr'><strong>est</strong></span> 
     </span>
     <span class='ocr_line' id='line_1_6' title="bbox 157 531 1724 590; baseline -0.001 -13"><span class='ocrx_word' id='word_1_27' title='bbox 157 540 316 579; x_wconf 81' lang='lat' dir='ltr'><strong>tantam</strong></span> <span class='ocrx_word' id='word_1_28' title='bbox 332 531 645 576; x_wconf 83' lang='lat' dir='ltr'><strong>similitudinem</strong></span> <span class='ocrx_word' id='word_1_29' title='bbox 659 531 851 574; x_wconf 83' lang='lat' dir='ltr'><strong>cumillis</strong></span> <span class='ocrx_word' id='word_1_30' title='bbox 874 532 1100 585; x_wconf 79' lang='lat' dir='ltr'><strong>habuisse3</strong></span> <span class='ocrx_word' id='word_1_31' title='bbox 1123 534 1246 590; x_wconf 83' lang='lat' dir='ltr'><strong>cujus</strong></span> <span class='ocrx_word' id='word_1_32' title='bbox 1267 534 1437 588; x_wconf 87' lang='lat' dir='ltr'><strong>generis</strong></span> <span class='ocrx_word' id='word_1_33' title='bbox 1459 538 1558 576; x_wconf 90' lang='lat' dir='ltr'><strong>sunt</strong></span> <span class='ocrx_word' id='word_1_34' title='bbox 1577 539 1724 577; x_wconf 88' lang='lat' dir='ltr'><strong>ternae</strong></span> 
     </span>
     <span class='ocr_line' id='line_1_7' title="bbox 157 604 1725 664; baseline 0 -13"><span class='ocrx_word' id='word_1_35' title='bbox 157 611 383 656; x_wconf 76' lang='lat' dir='ltr'><strong>libationes</strong></span> <span class='ocrx_word' id='word_1_36' title='bbox 411 609 450 650; x_wconf 86' lang='lat' dir='ltr'><strong>in</strong></span> <span class='ocrx_word' id='word_1_37' title='bbox 480 609 847 652; x_wconf 75' lang='lat' dir='ltr'><strong>conviviis&#39;sactae</strong></span> <span class='ocrx_word' id='word_1_38' title='bbox 875 604 992 664; x_wconf 73' lang='lat' dir='ltr'><strong>(Cy&#39;r.</strong></span> <span class='ocrx_word' id='word_1_39' title='bbox 1020 609 1062 661; x_wconf 76' lang='lat'><strong>2,</strong></span> <span class='ocrx_word' id='word_1_40' title='bbox 1090 608 1133 661; x_wconf 84' lang='lat'><strong>3,</strong></span> <span class='ocrx_word' id='word_1_41' title='bbox 1170 608 1234 662; x_wconf 90' lang='grc'>1),</span> <span class='ocrx_word' id='word_1_42' title='bbox 1278 610 1493 652; x_wconf 86' lang='lat' dir='ltr'><strong>exercitus</strong></span> <span class='ocrx_word' id='word_1_43' title='bbox 1520 610 1725 664; x_wconf 88' lang='lat' dir='ltr'><strong>profectio</strong></span> 
     </span>
     <span class='ocr_line' id='line_1_8' title="bbox 158 682 1728 742; baseline -0.001 -14"><span class='ocrx_word' id='word_1_44' title='bbox 158 691 359 729; x_wconf 77' lang='lat' dir='ltr'><strong>nocturna</strong></span> <span class='ocrx_word' id='word_1_45' title='bbox 395 684 517 742; x_wconf 86' lang='lat' dir='ltr'><strong>(Cyr.</strong></span> <span class='ocrx_word' id='word_1_46' title='bbox 551 683 594 735; x_wconf 86' lang='lat'><strong>5,</strong></span> <span class='ocrx_word' id='word_1_47' title='bbox 629 683 673 738; x_wconf 75' lang='lat'><strong>8,</strong></span> <span class='ocrx_word' id='word_1_48' title='bbox 705 682 806 737; x_wconf 76' lang='lat'><strong>32),</strong></span> <span class='ocrx_word' id='word_1_49' title='bbox 851 698 943 727; x_wconf 91' lang='lat' dir='ltr'><strong>cum</strong></span> <span class='ocrx_word' id='word_1_50' title='bbox 973 698 1027 727; x_wconf 86' lang='lat' dir='ltr'><strong>ex</strong></span> <span class='ocrx_word' id='word_1_51' title='bbox 1052 699 1167 727; x_wconf 86' lang='lat' dir='ltr'><strong>more</strong></span> <span class='ocrx_word' id='word_1_52' title='bbox 1196 690 1241 727; x_wconf 90' lang='lat' dir='ltr'><strong>et</strong></span> <span class='ocrx_word' id='word_1_53' title='bbox 1269 683 1471 740; x_wconf 83' lang='lat' dir='ltr'><strong>religione</strong></span> <span class='ocrx_word' id='word_1_54' title='bbox 1499 684 1728 727; x_wconf 85' lang='lat' dir='ltr'><strong>Persarum</strong></span> 
     </span>
     <span class='ocr_line' id='line_1_9' title="bbox 158 759 1727 816; baseline -0.001 -13"><span class='ocrx_word' id='word_1_55' title='bbox 158 766 250 804; x_wconf 89' lang='lat' dir='ltr'><strong>orto</strong></span> <span class='ocrx_word' id='word_1_56' title='bbox 270 761 435 809; x_wconf 87' lang='lat' dir='ltr'><strong>demum</strong></span> <span class='ocrx_word' id='word_1_57' title='bbox 466 759 561 802; x_wconf 83' lang='lat' dir='ltr'><strong>sole</strong></span> <span class='ocrx_word' id='word_1_58' title='bbox 589 761 732 802; x_wconf 70' lang='lat' dir='ltr'><strong>castra</strong></span> <span class='ocrx_word' id='word_1_59' title='bbox 758 760 967 802; x_wconf 88' lang='lat' dir='ltr'><strong>movenda</strong></span> <span class='ocrx_word' id='word_1_60' title='bbox 987 766 1158 811; x_wconf 70' lang='lat' dir='ltr'><strong>essent,</strong></span> <span class='ocrx_word' id='word_1_61' title='bbox 1190 761 1343 802; x_wconf 90' lang='lat' dir='ltr'><strong>deinde</strong></span> <span class='ocrx_word' id='word_1_62' title='bbox 1372 760 1485 814; x_wconf 90' lang='lat' dir='ltr'><strong>quod</strong></span> <span class='ocrx_word' id='word_1_63' title='bbox 1504 775 1727 816; x_wconf 86' lang='lat' dir='ltr'><strong>puerorum</strong></span> 
     </span>
     <span class='ocr_line' id='line_1_10' title="bbox 158 835 1727 891; baseline 0 -12"><span class='ocrx_word' id='word_1_64' title='bbox 158 850 326 879; x_wconf 81' lang='lat' dir='ltr'><strong>amores</strong></span> <span class='ocrx_word' id='word_1_65' title='bbox 347 835 505 878; x_wconf 72' lang='lat' dir='ltr'><strong>&#39;Persis</strong></span> <span class='ocrx_word' id='word_1_66' title='bbox 535 836 678 879; x_wconf 75' lang='lat' dir='ltr'><strong>tribuit</strong></span> <span class='ocrx_word' id='word_1_67' title='bbox 697 835 809 891; x_wconf 88' lang='lat' dir='ltr'><strong>(Cyr.</strong></span> <span class='ocrx_word' id='word_1_68' title='bbox 834 835 872 887; x_wconf 89' lang='lat'><strong>1,</strong></span> <span class='ocrx_word' id='word_1_69' title='bbox 894 836 941 886; x_wconf 76' lang='grc'>4,·</span> <span class='ocrx_word' id='word_1_70' title='bbox 957 835 1029 878; x_wconf 73' lang='lat'><strong>2¹7.</strong></span> <span class='ocrx_word' id='word_1_71' title='bbox 1066 835 1109 885; x_wconf 74' lang='lat'><strong>2,</strong></span> <span class='ocrx_word' id='word_1_72' title='bbox 1131 836 1173 886; x_wconf 76' lang='lat'><strong>2,</strong></span> <span class='ocrx_word' id='word_1_73' title='bbox 1194 835 1291 889; x_wconf 67' lang='lat'><strong>2803</strong></span> <span class='ocrx_word' id='word_1_74' title='bbox 1325 836 1440 890; x_wconf 89' lang='lat' dir='ltr'><strong>quod</strong></span> <span class='ocrx_word' id='word_1_75' title='bbox 1462 836 1631 890; x_wconf 82' lang='lat' dir='ltr'><strong>Tigrani</strong></span> <span class='ocrx_word' id='word_1_76' title='bbox 1652 837 1727 879; x_wconf 87' lang='lat' dir='ltr'><strong>dat</strong></span> 
     </span>
     <span class='ocr_line' id='line_1_11' title="bbox 156 909 1727 967; baseline 0 -14"><span class='ocrx_word' id='word_1_77' title='bbox 156 910 453 967; x_wconf 87' lang='lat' dir='ltr'><strong>philosophum</strong></span> <span class='ocrx_word' id='word_1_78' title='bbox 473 916 791 966; x_wconf 77' lang='lat' dir='ltr'><strong>praeceptorem</strong></span> <span class='ocrx_word' id='word_1_79' title='bbox 814 911 929 966; x_wconf 88' lang='lat' dir='ltr'><strong>(Cyr.</strong></span> <span class='ocrx_word' id='word_1_80' title='bbox 951 909 993 959; x_wconf 81' lang='lat'><strong>3,</strong></span> <span class='ocrx_word' id='word_1_81' title='bbox 1015 911 1052 960; x_wconf 87' lang='grc'>1,</span> <span class='ocrx_word' id='word_1_82' title='bbox 1072 910 1167 965; x_wconf 82' lang='lat'>14);</span> <span class='ocrx_word' id='word_1_83' title='bbox 1190 911 1303 966; x_wconf 91' lang='lat' dir='ltr'><strong>quod</strong></span> <span class='ocrx_word' id='word_1_84' title='bbox 1322 912 1516 953; x_wconf 85' lang='lat' dir='ltr'><strong>victimas</strong></span> <span class='ocrx_word' id='word_1_85' title='bbox 1537 913 1727 966; x_wconf 86' lang='lat' dir='ltr'><strong>integras</strong></span> 
     </span>
     <span class='ocr_line' id='line_1_12' title="bbox 157 986 1727 1042; baseline -0.002 -11"><span class='ocrx_word' id='word_1_86' title='bbox 157 1003 184 1031; x_wconf 77' lang='lat' dir='ltr'><strong>a</strong></span> <span class='ocrx_word' id='word_1_87' title='bbox 213 987 378 1030; x_wconf 88' lang='lat' dir='ltr'><strong>Persis·</strong></span> <span class='ocrx_word' id='word_1_88' title='bbox 396 988 436 1029; x_wconf 92' lang='lat' dir='ltr'><strong>in</strong></span> <span class='ocrx_word' id='word_1_89' title='bbox 466 989 602 1030; x_wconf 86' lang='lat' dir='ltr'><strong>sacris</strong></span> <span class='ocrx_word' id='word_1_90' title='bbox 633 989 879 1030; x_wconf 86' lang='lat' dir='ltr'><strong>combustas</strong></span> <span class='ocrx_word' id='word_1_91' title='bbox 911 1001 1014 1029; x_wconf 84' lang='lat' dir='ltr'><strong>esse</strong></span> <span class='ocrx_word' id='word_1_92' title='bbox 1047 988 1146 1029; x_wconf 87' lang='lat' dir='ltr'><strong>dicit</strong></span> <span class='ocrx_word' id='word_1_93' title='bbox 1181 987 1297 1041; x_wconf 78' lang='lat' dir='ltr'><strong>(Cyr.</strong></span> <span class='ocrx_word' id='word_1_94' title='bbox 1329 986 1370 1037; x_wconf 88' lang='grc'><strong>8,</strong></span> <span class='ocrx_word' id='word_1_95' title='bbox 1401 986 1444 1037; x_wconf 84' lang='grc'>3,</span> <span class='ocrx_word' id='word_1_96' title='bbox 1475 987 1569 1040; x_wconf 76' lang='grc'><strong>24);</strong></span> <span class='ocrx_word' id='word_1_97' title='bbox 1614 988 1727 1042; x_wconf 90' lang='lat' dir='ltr'><strong>quod</strong></span> 
     </span>
     <span class='ocr_line' id='line_1_13' title="bbox 155 1060 1727 1119; baseline 0 -14"><span class='ocrx_word' id='word_1_98' title='bbox 155 1063 384 1106; x_wconf 75' lang='lat' dir='ltr'><strong>Persarum</strong></span> <span class='ocrx_word' id='word_1_99' title='bbox 414 1063 520 1106; x_wconf 90' lang='lat' dir='ltr'><strong>deos</strong></span> <span class='ocrx_word' id='word_1_100' title='bbox 547 1063 757 1105; x_wconf 88' lang='lat' dir='ltr'><strong>amoribus</strong></span> <span class='ocrx_word' id='word_1_101' title='bbox 784 1061 874 1106; x_wconf 86' lang='lat' dir='ltr'><strong>vult</strong></span> <span class='ocrx_word' id='word_1_102' title='bbox 901 1062 1070 1104; x_wconf 88' lang='lat' dir='ltr'><strong>deditos</strong></span> <span class='ocrx_word' id='word_1_103' title='bbox 1099 1076 1202 1104; x_wconf 89' lang='lat' dir='ltr'><strong>esse</strong></span> <span class='ocrx_word' id='word_1_104' title='bbox 1231 1061 1346 1117; x_wconf 87' lang='lat' dir='ltr'><strong>(Cyr.</strong></span> <span class='ocrx_word' id='word_1_105' title='bbox 1368 1061 1409 1112; x_wconf 82' lang='lat'><strong>6,</strong></span> <span class='ocrx_word' id='word_1_106' title='bbox 1435 1061 1474 1113; x_wconf 90' lang='lat'><strong>1,</strong></span> <span class='ocrx_word' id='word_1_107' title='bbox 1494 1060 1571 1116; x_wconf 79' lang='lat'><strong>36)</strong></span> <span class='ocrx_word' id='word_1_108' title='bbox 1597 1067 1727 1119; x_wconf 86' lang='lat' dir='ltr'><strong>atque</strong></span> 
     </span>
     <span class='ocr_line' id='line_1_14' title="bbox 158 1136 1726 1198; baseline -0.001 -16"><span class='ocrx_word' id='word_1_109' title='bbox 158 1140 354 1195; x_wconf 80' lang='lat' dir='ltr'><strong>ejusdem</strong></span> <span class='ocrx_word' id='word_1_110' title='bbox 380 1140 551 1194; x_wconf 82' lang='lat' dir='ltr'><strong>generis</strong></span> <span class='ocrx_word' id='word_1_111' title='bbox 579 1138 685 1192; x_wconf 80' lang='lat' dir='ltr'><strong>alia3</strong></span> <span class='ocrx_word' id='word_1_112' title='bbox 723 1154 801 1198; x_wconf 86' lang='lat' dir='ltr'><strong>non</strong></span> <span class='ocrx_word' id='word_1_113' title='bbox 830 1139 940 1181; x_wconf 88' lang='lat' dir='ltr'><strong>haec</strong></span> <span class='ocrx_word' id='word_1_114' title='bbox 965 1136 1125 1188; x_wconf 89' lang='lat' dir='ltr'><strong>solum,</strong></span> <span class='ocrx_word' id='word_1_115' title='bbox 1157 1138 1272 1191; x_wconf 87' lang='lat' dir='ltr'><strong>dico,</strong></span> <span class='ocrx_word' id='word_1_116' title='bbox 1303 1136 1607 1192; x_wconf 83' lang='lat' dir='ltr'><strong>intelligemus,</strong></span> <span class='ocrx_word' id='word_1_117' title='bbox 1646 1140 1726 1180; x_wconf 89' lang='lat' dir='ltr'><strong>sed</strong></span> 
     </span>
     <span class='ocr_line' id='line_1_15' title="bbox 157 1213 1727 1270; baseline -0.001 -12"><span class='ocrx_word' id='word_1_118' title='bbox 157 1216 283 1258; x_wconf 82' lang='lat' dir='ltr'><strong>etiam</strong></span> <span class='ocrx_word' id='word_1_119' title='bbox 317 1213 420 1257; x_wconf 87' lang='lat' dir='ltr'><strong>illud</strong></span> <span class='ocrx_word' id='word_1_120' title='bbox 455 1215 577 1258; x_wconf 83' lang='lat' dir='ltr'><strong>uobis</strong></span> <span class='ocrx_word' id='word_1_121' title='bbox 604 1215 748 1257; x_wconf 87' lang='lat' dir='ltr'><strong>mirum</strong></span> <span class='ocrx_word' id='word_1_122' title='bbox 784 1229 864 1257; x_wconf 93' lang='lat' dir='ltr'><strong>non</strong></span> <span class='ocrx_word' id='word_1_123' title='bbox 892 1228 996 1257; x_wconf 82' lang='lat' dir='ltr'><strong>esse</strong></span> <span class='ocrx_word' id='word_1_124' title='bbox 1025 1229 1103 1256; x_wconf 88' lang='lat' dir='ltr'><strong>non</strong></span> <span class='ocrx_word' id='word_1_125' title='bbox 1133 1219 1299 1270; x_wconf 88' lang='lat' dir='ltr'><strong>potest,</strong></span> <span class='ocrx_word' id='word_1_126' title='bbox 1345 1214 1457 1269; x_wconf 92' lang='lat' dir='ltr'><strong>quod</strong></span> <span class='ocrx_word' id='word_1_127' title='bbox 1485 1229 1607 1257; x_wconf 90' lang='lat' dir='ltr'><strong>omne</strong></span> <span class='ocrx_word' id='word_1_128' title='bbox 1636 1215 1727 1257; x_wconf 86' lang='lat' dir='ltr'><strong>sere</strong></span> 
     </span>
     <span class='ocr_line' id='line_1_16' title="bbox 156 1289 1722 1345; baseline -0.001 -12"><span class='ocrx_word' id='word_1_129' title='bbox 156 1291 385 1333; x_wconf 78' lang='lat' dir='ltr'><strong>Persarum</strong></span> <span class='ocrx_word' id='word_1_130' title='bbox 410 1291 577 1333; x_wconf 85' lang='lat' dir='ltr'><strong>vivendi</strong></span> <span class='ocrx_word' id='word_1_131' title='bbox 605 1305 761 1345; x_wconf 86' lang='lat' dir='ltr'><strong>genus,</strong></span> <span class='ocrx_word' id='word_1_132' title='bbox 794 1291 907 1345; x_wconf 92' lang='lat' dir='ltr'><strong>quod</strong></span> <span class='ocrx_word' id='word_1_133' title='bbox 934 1296 979 1334; x_wconf 91' lang='lat' dir='ltr'><strong>et</strong></span> <span class='ocrx_word' id='word_1_134' title='bbox 999 1291 1163 1332; x_wconf 83' lang='lat' dir='ltr'><strong>Persae</strong></span> <span class='ocrx_word' id='word_1_135' title='bbox 1184 1289 1242 1331; x_wconf 90' lang='lat' dir='ltr'><strong>illi</strong></span> <span class='ocrx_word' id='word_1_136' title='bbox 1262 1292 1430 1345; x_wconf 88' lang='lat' dir='ltr'><strong>proprie</strong></span> <span class='ocrx_word' id='word_1_137' title='bbox 1454 1291 1535 1332; x_wconf 89' lang='lat' dir='ltr'><strong>hoc</strong></span> <span class='ocrx_word' id='word_1_138' title='bbox 1556 1293 1722 1333; x_wconf 90' lang='lat' dir='ltr'><strong>nomine</strong></span> 
     </span>
     <span class='ocr_line' id='line_1_17' title="bbox 157 1364 1724 1423; baseline -0.001 -14"><span class='ocrx_word' id='word_1_139' title='bbox 157 1365 420 1423; x_wconf 73' lang='lat' dir='ltr'><strong>appellandi,</strong></span> <span class='ocrx_word' id='word_1_140' title='bbox 462 1366 658 1409; x_wconf 81' lang='lat' dir='ltr'><strong>Persidis</strong></span> <span class='ocrx_word' id='word_1_141' title='bbox 685 1364 868 1415; x_wconf 81' lang='lat' dir='ltr'><strong>incolae,</strong></span> <span class='ocrx_word' id='word_1_142' title='bbox 907 1380 1080 1420; x_wconf 90' lang='lat' dir='ltr'><strong>quorum</strong></span> <span class='ocrx_word' id='word_1_143' title='bbox 1109 1364 1331 1421; x_wconf 86' lang='lat' dir='ltr'><strong>disciplina</strong></span> <span class='ocrx_word' id='word_1_144' title='bbox 1358 1366 1496 1421; x_wconf 80' lang='lat' dir='ltr'><strong>cyrus</strong></span> <span class='ocrx_word' id='word_1_145' title='bbox 1533 1367 1724 1409; x_wconf 84' lang='lat' dir='ltr'><strong>eruditus</strong></span> 
     </span>
     <span class='ocr_line' id='line_1_18' title="bbox 159 1441 1725 1497; baseline -0.001 -13"><span class='ocrx_word' id='word_1_146' title='bbox 159 1456 262 1484; x_wconf 88' lang='lat' dir='ltr'><strong>esse</strong></span> <span class='ocrx_word' id='word_1_147' title='bbox 290 1447 500 1492; x_wconf 80' lang='lat' dir='ltr'><strong>narratur,</strong></span> <span class='ocrx_word' id='word_1_148' title='bbox 545 1443 683 1484; x_wconf 88' lang='lat' dir='ltr'><strong>secuti</strong></span> <span class='ocrx_word' id='word_1_149' title='bbox 713 1455 817 1483; x_wconf 90' lang='lat' dir='ltr'><strong>esse</strong></span> <span class='ocrx_word' id='word_1_150' title='bbox 846 1446 891 1483; x_wconf 91' lang='lat' dir='ltr'><strong>et</strong></span> <span class='ocrx_word' id='word_1_151' title='bbox 919 1441 1057 1497; x_wconf 83' lang='lat' dir='ltr'><strong>Cyrus</strong></span> <span class='ocrx_word' id='word_1_152' title='bbox 1085 1443 1177 1483; x_wconf 89' lang='lat' dir='ltr'><strong>suis</strong></span> <span class='ocrx_word' id='word_1_153' title='bbox 1205 1442 1531 1484; x_wconf 83' lang='lat' dir='ltr'><strong>commendasse</strong></span> <span class='ocrx_word' id='word_1_154' title='bbox 1561 1441 1725 1492; x_wconf 87' lang='lat' dir='ltr'><strong>dicitur,</strong></span> 
     </span>
     <span class='ocr_line' id='line_1_19' title="bbox 157 1516 1727 1583; baseline 0.001 -24"><span class='ocrx_word' id='word_1_155' title='bbox 157 1516 407 1583; x_wconf 87' lang='lat' dir='ltr'><strong>simillimum</strong></span> <span class='ocrx_word' id='word_1_156' title='bbox 441 1531 545 1569; x_wconf 85' lang='lat' dir='ltr'><strong>esse</strong></span> <span class='ocrx_word' id='word_1_157' title='bbox 571 1518 764 1571; x_wconf 85' lang='lat' dir='ltr'><strong>videmus</strong></span> <span class='ocrx_word' id='word_1_158' title='bbox 791 1516 1041 1572; x_wconf 84' lang='lat' dir='ltr'><strong>disciplinae</strong></span> <span class='ocrx_word' id='word_1_159' title='bbox 1070 1518 1386 1582; x_wconf 83' lang='lat' dir='ltr'><strong>Spartanorum.</strong></span> <span class='ocrx_word' id='word_1_160' title='bbox 1456 1518 1628 1568; x_wconf 85' lang='lat' dir='ltr'><strong>Quanta</strong></span> <span class='ocrx_word' id='word_1_161' title='bbox 1654 1517 1727 1560; x_wconf 89' lang='lat' dir='ltr'><strong>illa</strong></span> 
     </span>
     <span class='ocr_line' id='line_1_20' title="bbox 157 1569 1727 1654; baseline 0 -19"><span class='ocrx_word' id='word_1_162' title='bbox 157 1595 215 1637; x_wconf 87' lang='lat' dir='ltr'><strong>sit</strong></span> <span class='ocrx_word' id='word_1_163' title='bbox 209 1569 479 1654; x_wconf 78' lang='lat' dir='ltr'><strong>similitudo</strong></span> <span class='ocrx_word' id='word_1_164' title='bbox 498 1596 550 1637; x_wconf 86' lang='lat' dir='ltr'><strong>eo</strong></span> <span class='ocrx_word' id='word_1_165' title='bbox 577 1594 714 1648; x_wconf 88' lang='lat' dir='ltr'><strong>magis</strong></span> <span class='ocrx_word' id='word_1_166' title='bbox 740 1593 1012 1649; x_wconf 84' lang='lat' dir='ltr'><strong>perspicitur,</strong></span> <span class='ocrx_word' id='word_1_167' title='bbox 1045 1594 1144 1648; x_wconf 89' lang='lat' dir='ltr'><strong>quia</strong></span> <span class='ocrx_word' id='word_1_168' title='bbox 1165 1594 1220 1636; x_wconf 89' lang='lat' dir='ltr'><strong>ad</strong></span> <span class='ocrx_word' id='word_1_169' title='bbox 1244 1608 1323 1635; x_wconf 90' lang='lat' dir='ltr'><strong>nos</strong></span> <span class='ocrx_word' id='word_1_170' title='bbox 1343 1594 1536 1649; x_wconf 86' lang='lat' dir='ltr'><strong>pervenit</strong></span> <span class='ocrx_word' id='word_1_171' title='bbox 1555 1593 1727 1637; x_wconf 89' lang='lat' dir='ltr'><strong>libellus</strong></span> 
     </span>
     <span class='ocr_line' id='line_1_21' title="bbox 157 1658 1727 1725; baseline 0.001 -14"><span class='ocrx_word' id='word_1_172' title='bbox 157 1682 184 1711; x_wconf 84' lang='lat' dir='ltr'><strong>a</strong></span> <span class='ocrx_word' id='word_1_173' title='bbox 232 1658 515 1725; x_wconf 83' lang='lat' dir='ltr'><strong>Xenophonte</strong></span> <span class='ocrx_word' id='word_1_174' title='bbox 565 1670 850 1724; x_wconf 81' lang='lat' dir='ltr'><strong>conscriptus,</strong></span> <span class='ocrx_word' id='word_1_175' title='bbox 915 1683 997 1723; x_wconf 93' lang='lat' dir='ltr'><strong>quo</strong></span> <span class='ocrx_word' id='word_1_176' title='bbox 1044 1669 1473 1717; x_wconf 86' lang='lat' dir='ltr'><strong>Lacedaemoniorum</strong></span> <span class='ocrx_word' id='word_1_177' title='bbox 1523 1670 1727 1712; x_wconf 86' lang='lat' dir='ltr'><strong>describit</strong></span> 
     </span>
     <span class='ocr_line' id='line_1_22' title="bbox 158 1743 1724 1799; baseline 0.001 -13"><span class='ocrx_word' id='word_1_178' title='bbox 158 1758 320 1787; x_wconf 87' lang='lat' dir='ltr'><strong>omnem</strong></span> <span class='ocrx_word' id='word_1_179' title='bbox 340 1743 621 1799; x_wconf 87' lang='lat' dir='ltr'><strong>disciplinam,</strong></span> <span class='ocrx_word' id='word_1_180' title='bbox 653 1745 719 1785; x_wconf 89' lang='lat' dir='ltr'><strong>cui</strong></span> <span class='ocrx_word' id='word_1_181' title='bbox 739 1743 881 1786; x_wconf 91' lang='lat' dir='ltr'><strong>libello</strong></span> <span class='ocrx_word' id='word_1_182' title='bbox 901 1744 1049 1786; x_wconf 86' lang='lat' dir='ltr'><strong>titulus</strong></span> <span class='ocrx_word' id='word_1_183' title='bbox 1072 1749 1160 1786; x_wconf 90' lang='lat' dir='ltr'><strong>est:</strong></span> <span class='ocrx_word' id='word_1_184' title='bbox 1191 1744 1246 1785; x_wconf 91' lang='lat' dir='ltr'><strong>de</strong></span> <span class='ocrx_word' id='word_1_185' title='bbox 1266 1744 1482 1799; x_wconf 87' lang='lat' dir='ltr'><strong>republica</strong></span> <span class='ocrx_word' id='word_1_186' title='bbox 1500 1745 1724 1787; x_wconf 88' lang='lat' dir='ltr'><strong>Lacedae-</strong></span> 
     </span>
     <span class='ocr_line' id='line_1_23' title="bbox 159 1817 1724 1876; baseline 0.001 -15"><span class='ocrx_word' id='word_1_187' title='bbox 159 1820 406 1870; x_wconf 79' lang='lat' dir='ltr'><strong>moniorum3</strong></span> <span class='ocrx_word' id='word_1_188' title='bbox 453 1820 523 1875; x_wconf 91' lang='lat' dir='ltr'><strong>qui</strong></span> <span class='ocrx_word' id='word_1_189' title='bbox 552 1820 741 1874; x_wconf 84' lang='lat' dir='ltr'><strong>quamvis</strong></span> <span class='ocrx_word' id='word_1_190' title='bbox 771 1834 797 1861; x_wconf 87' lang='lat' dir='ltr'><strong>a</strong></span> <span class='ocrx_word' id='word_1_191' title='bbox 824 1817 968 1862; x_wconf 87' lang='lat' dir='ltr'><strong>multis</strong></span> <span class='ocrx_word' id='word_1_192' title='bbox 986 1819 1258 1875; x_wconf 84' lang='lat' dir='ltr'><strong>Xenophonti</strong></span> <span class='ocrx_word' id='word_1_193' title='bbox 1285 1820 1343 1862; x_wconf 88' lang='lat' dir='ltr'><strong>sit</strong></span> <span class='ocrx_word' id='word_1_194' title='bbox 1364 1820 1631 1876; x_wconf 87' lang='lat' dir='ltr'><strong>abjudicatus</strong></span> <span class='ocrx_word' id='word_1_195' title='bbox 1655 1821 1724 1874; x_wconf 88' lang='lat' dir='ltr'><strong>(cf.</strong></span> 
     </span>
     <span class='ocr_line' id='line_1_24' title="bbox 161 1895 1724 1951; baseline 0 -13"><span class='ocrx_word' id='word_1_196' title='bbox 161 1897 338 1951; x_wconf 86' lang='lat' dir='ltr'><strong>Sauppe</strong></span> <span class='ocrx_word' id='word_1_197' title='bbox 366 1896 498 1951; x_wconf 80' lang='lat' dir='ltr'><strong>praef.</strong></span> <span class='ocrx_word' id='word_1_198' title='bbox 526 1896 582 1937; x_wconf 89' lang='lat' dir='ltr'><strong>ad</strong></span> <span class='ocrx_word' id='word_1_199' title='bbox 602 1895 712 1940; x_wconf 86' lang='lat' dir='ltr'><strong>Xen.</strong></span> <span class='ocrx_word' id='word_1_200' title='bbox 742 1910 891 1951; x_wconf 88' lang='lat' dir='ltr'><strong>opusc.</strong></span> <span class='ocrx_word' id='word_1_201' title='bbox 918 1895 1036 1951; x_wconf 89' lang='lat' dir='ltr'><strong>polit.</strong></span> <span class='ocrx_word' id='word_1_202' title='bbox 1063 1911 1104 1951; x_wconf 89' lang='lat' dir='ltr'><strong>p.</strong></span> <span class='ocrx_word' id='word_1_203' title='bbox 1127 1896 1227 1937; x_wconf 90' lang='lat' dir='ltr'><strong>XX.</strong></span> <span class='ocrx_word' id='word_1_204' title='bbox 1250 1899 1366 1950; x_wconf 88' lang='lat' dir='ltr'><strong>sqq.)</strong></span> <span class='ocrx_word' id='word_1_205' title='bbox 1388 1901 1527 1939; x_wconf 88' lang='lat' dir='ltr'><strong>tamen</strong></span> <span class='ocrx_word' id='word_1_206' title='bbox 1549 1912 1629 1938; x_wconf 91' lang='lat' dir='ltr'><strong>non</strong></span> <span class='ocrx_word' id='word_1_207' title='bbox 1652 1898 1724 1938; x_wconf 89' lang='lat' dir='ltr'><strong>ab·</strong></span> 
     </span>
     <span class='ocr_line' id='line_1_25' title="bbox 156 1971 1724 2027; baseline 0.001 -14"><span class='ocrx_word' id='word_1_208' title='bbox 156 1972 322 2021; x_wconf 87' lang='lat' dir='ltr'><strong>horreo,</strong></span> <span class='ocrx_word' id='word_1_209' title='bbox 349 1972 569 2026; x_wconf 86' lang='lat' dir='ltr'><strong>quominus</strong></span> <span class='ocrx_word' id='word_1_210' title='bbox 591 1985 657 2022; x_wconf 91' lang='lat' dir='ltr'><strong>eo,</strong></span> <span class='ocrx_word' id='word_1_211' title='bbox 688 1976 736 2014; x_wconf 91' lang='lat' dir='ltr'><strong>ut</strong></span> <span class='ocrx_word' id='word_1_212' title='bbox 755 1972 826 2027; x_wconf 90' lang='lat' dir='ltr'><strong>qui</strong></span> <span class='ocrx_word' id='word_1_213' title='bbox 846 1985 996 2014; x_wconf 85' lang='lat' dir='ltr'><strong>revera</strong></span> <span class='ocrx_word' id='word_1_214' title='bbox 1016 1972 1074 2014; x_wconf 89' lang='lat' dir='ltr'><strong>sit</strong></span> <span class='ocrx_word' id='word_1_215' title='bbox 1094 1971 1412 2027; x_wconf 85' lang='lat' dir='ltr'><strong>Xenophontis,</strong></span> <span class='ocrx_word' id='word_1_216' title='bbox 1444 1977 1539 2015; x_wconf 89' lang='lat' dir='ltr'><strong>utar</strong></span> <span class='ocrx_word' id='word_1_217' title='bbox 1559 1986 1724 2015; x_wconf 90' lang='lat' dir='ltr'><strong>omnes-</strong></span> 
     </span>
     <span class='ocr_line' id='line_1_26' title="bbox 158 2047 1723 2107; baseline 0 -17"><span class='ocrx_word' id='word_1_218' title='bbox 158 2061 242 2103; x_wconf 88' lang='lat' dir='ltr'><strong>que</strong></span> <span class='ocrx_word' id='word_1_219' title='bbox 270 2061 397 2103; x_wconf 84' lang='lat' dir='ltr'><strong>spero</strong></span> <span class='ocrx_word' id='word_1_220' title='bbox 424 2047 515 2089; x_wconf 87' lang='lat' dir='ltr'><strong>fore</strong></span> <span class='ocrx_word' id='word_1_221' title='bbox 541 2052 589 2090; x_wconf 92' lang='lat' dir='ltr'><strong>ut</strong></span> <span class='ocrx_word' id='word_1_222' title='bbox 613 2061 775 2089; x_wconf 90' lang='lat' dir='ltr'><strong>mecum</strong></span> <span class='ocrx_word' id='word_1_223' title='bbox 797 2048 982 2107; x_wconf 83' lang='lat' dir='ltr'><strong>sentiant</strong></span> <span class='ocrx_word' id='word_1_224' title='bbox 1001 2047 1200 2102; x_wconf 86' lang='lat' dir='ltr'><strong>perlectis</strong></span> <span class='ocrx_word' id='word_1_225' title='bbox 1221 2048 1293 2098; x_wconf 89' lang='lat' dir='ltr'><strong>iis,</strong></span> <span class='ocrx_word' id='word_1_226' title='bbox 1327 2062 1437 2101; x_wconf 82' lang='lat' dir='ltr'><strong>quae</strong></span> <span class='ocrx_word' id='word_1_227' title='bbox 1458 2049 1513 2089; x_wconf 91' lang='lat' dir='ltr'><strong>ad</strong></span> <span class='ocrx_word' id='word_1_228' title='bbox 1535 2062 1631 2090; x_wconf 90' lang='lat' dir='ltr'><strong>eum</strong></span> <span class='ocrx_word' id='word_1_229' title='bbox 1652 2050 1723 2091; x_wconf 92' lang='lat' dir='ltr'><strong>de-</strong></span> 
     </span>
     <span class='ocr_line' id='line_1_27' title="bbox 157 2120 1726 2178; baseline 0 -12"><span class='ocrx_word' id='word_1_230' title='bbox 157 2123 410 2177; x_wconf 80' lang='lat' dir='ltr'><strong>fendendum</strong></span> <span class='ocrx_word' id='word_1_231' title='bbox 425 2123 668 2178; x_wconf 87' lang='lat' dir='ltr'><strong>disputavit,</strong></span> <span class='ocrx_word' id='word_1_232' title='bbox 686 2124 755 2177; x_wconf 91' lang='lat' dir='ltr'><strong>qui</strong></span> <span class='ocrx_word' id='word_1_233' title='bbox 771 2137 902 2178; x_wconf 89' lang='lat' dir='ltr'><strong>nuper</strong></span> <span class='ocrx_word' id='word_1_234' title='bbox 919 2121 1045 2176; x_wconf 88' lang='lat' dir='ltr'><strong>(Berl.</strong></span> <span class='ocrx_word' id='word_1_235' title='bbox 1063 2120 1192 2175; x_wconf 79' lang='lat'>1833)</span> <span class='ocrx_word' id='word_1_236' title='bbox 1209 2136 1304 2164; x_wconf 91' lang='lat' dir='ltr'><strong>eum</strong></span> <span class='ocrx_word' id='word_1_237' title='bbox 1321 2122 1468 2175; x_wconf 87' lang='lat' dir='ltr'><strong>edidit,</strong></span> <span class='ocrx_word' id='word_1_238' title='bbox 1484 2123 1726 2166; x_wconf 89' lang='lat' dir='ltr'><strong>Fridericus</strong></span> 
     </span>
     <span class='ocr_line' id='line_1_28' title="bbox 157 2198 1726 2255; baseline 0 -14"><span class='ocrx_word' id='word_1_239' title='bbox 157 2199 348 2242; x_wconf 71' lang='lat' dir='ltr'><strong>Haasius</strong></span> <span class='ocrx_word' id='word_1_240' title='bbox 375 2199 445 2252; x_wconf 88' lang='lat' dir='ltr'><strong>(cf.</strong></span> <span class='ocrx_word' id='word_1_241' title='bbox 463 2198 607 2254; x_wconf 83' lang='lat' dir='ltr'><strong>praef.</strong></span> <span class='ocrx_word' id='word_1_242' title='bbox 636 2214 678 2254; x_wconf 88' lang='lat' dir='ltr'><strong>p.</strong></span> <span class='ocrx_word' id='word_1_243' title='bbox 702 2198 900 2252; x_wconf 69' lang='lat'>2—26)‚</span> <span class='ocrx_word' id='word_1_244' title='bbox 932 2200 1053 2255; x_wconf 87' lang='lat' dir='ltr'><strong>cujus</strong></span> <span class='ocrx_word' id='word_1_245' title='bbox 1083 2199 1286 2248; x_wconf 89' lang='lat' dir='ltr'><strong>editione,</strong></span> <span class='ocrx_word' id='word_1_246' title='bbox 1323 2213 1417 2240; x_wconf 89' lang='lat' dir='ltr'><strong>cum</strong></span> <span class='ocrx_word' id='word_1_247' title='bbox 1445 2199 1576 2241; x_wconf 88' lang='lat' dir='ltr'><strong>multa</strong></span> <span class='ocrx_word' id='word_1_248' title='bbox 1603 2201 1643 2241; x_wconf 92' lang='lat' dir='ltr'><strong>in</strong></span> <span class='ocrx_word' id='word_1_249' title='bbox 1672 2215 1726 2241; x_wconf 87' lang='lat' dir='ltr'><strong>ea</strong></span> 
     </span>
     <span class='ocr_line' id='line_1_29' title="bbox 156 2273 1726 2331; baseline 0 -14"><span class='ocrx_word' id='word_1_250' title='bbox 156 2275 467 2331; x_wconf 76' lang='lat' dir='ltr'><strong>transposuerit</strong></span> <span class='ocrx_word' id='word_1_251' title='bbox 494 2274 630 2317; x_wconf 90' lang='lat' dir='ltr'><strong>editor</strong></span> <span class='ocrx_word' id='word_1_252' title='bbox 654 2274 725 2328; x_wconf 88' lang='lat' dir='ltr'><strong>(cf.</strong></span> <span class='ocrx_word' id='word_1_253' title='bbox 758 2274 890 2330; x_wconf 82' lang='lat' dir='ltr'><strong>praef.</strong></span> <span class='ocrx_word' id='word_1_254' title='bbox 918 2289 958 2330; x_wconf 90' lang='lat' dir='ltr'><strong>p.</strong></span> <span class='ocrx_word' id='word_1_255' title='bbox 991 2273 1050 2318; x_wconf 76' lang='lat'><strong>27</strong></span> <span class='ocrx_word' id='word_1_256' title='bbox 1078 2276 1213 2330; x_wconf 88' lang='lat' dir='ltr'><strong>sqq.)‚</strong></span> <span class='ocrx_word' id='word_1_257' title='bbox 1250 2288 1317 2316; x_wconf 89' lang='lat' dir='ltr'><strong>me</strong></span> <span class='ocrx_word' id='word_1_258' title='bbox 1345 2275 1583 2329; x_wconf 84' lang='lat' dir='ltr'><strong>ubicunque</strong></span> <span class='ocrx_word' id='word_1_259' title='bbox 1614 2275 1726 2317; x_wconf 93' lang='lat' dir='ltr'><strong>hunc</strong></span> 
     </span>
     <span class='ocr_line' id='line_1_30' title="bbox 155 2349 1225 2400; baseline -0.001 -7"><span class='ocrx_word' id='word_1_260' title='bbox 155 2349 340 2395; x_wconf 85' lang='lat' dir='ltr'><strong>libellum</strong></span> <span class='ocrx_word' id='word_1_261' title='bbox 359 2351 484 2394; x_wconf 86' lang='lat' dir='ltr'><strong>citavi</strong></span> <span class='ocrx_word' id='word_1_262' title='bbox 506 2364 609 2393; x_wconf 89' lang='lat' dir='ltr'><strong>esse</strong></span> <span class='ocrx_word' id='word_1_263' title='bbox 629 2365 766 2400; x_wconf 91' lang='lat' dir='ltr'><strong>usum,</strong></span> <span class='ocrx_word' id='word_1_264' title='bbox 796 2361 876 2393; x_wconf 89' lang='lat' dir='ltr'><strong>non</strong></span> <span class='ocrx_word' id='word_1_265' title='bbox 899 2356 970 2394; x_wconf 86' lang='lat' dir='ltr'><strong>est</strong></span> <span class='ocrx_word' id='word_1_266' title='bbox 990 2351 1225 2393; x_wconf 79' lang='lat' dir='ltr'><strong>tacendum.</strong></span> 
     </span>
    </p>

    <p class='ocr_par' dir='ltr' id='par_1_4' title="bbox 155 2426 1725 2866">
     <span class='ocr_line' id='line_1_31' title="bbox 273 2426 1722 2482; baseline 0.001 -14"><span class='ocrx_word' id='word_1_267' title='bbox 273 2428 484 2470; x_wconf 82' lang='lat' dir='ltr'><strong>Versatur</strong></span> <span class='ocrx_word' id='word_1_268' title='bbox 504 2427 628 2481; x_wconf 86' lang='lat' dir='ltr'><strong>igitur</strong></span> <span class='ocrx_word' id='word_1_269' title='bbox 648 2426 896 2477; x_wconf 88' lang='lat' dir='ltr'><strong>similitudo,</strong></span> <span class='ocrx_word' id='word_1_270' title='bbox 928 2441 1052 2482; x_wconf 83' lang='lat' dir='ltr'><strong>quam</strong></span> <span class='ocrx_word' id='word_1_271' title='bbox 1073 2426 1334 2469; x_wconf 89' lang='lat' dir='ltr'><strong>intercedere</strong></span> <span class='ocrx_word' id='word_1_272' title='bbox 1357 2426 1441 2467; x_wconf 83' lang='lat' dir='ltr'><strong>dixi</strong></span> <span class='ocrx_word' id='word_1_273' title='bbox 1463 2427 1571 2469; x_wconf 91' lang='lat' dir='ltr'><strong>inter</strong></span> <span class='ocrx_word' id='word_1_274' title='bbox 1593 2428 1722 2482; x_wconf 87' lang='lat' dir='ltr'><strong>Spar-</strong></span> 
     </span>
     <span class='ocr_line' id='line_1_32' title="bbox 156 2501 1721 2559; baseline 0.001 -14"><span class='ocrx_word' id='word_1_275' title='bbox 156 2506 354 2545; x_wconf 64' lang='lat' dir='ltr'><strong>tanorum&gt;</strong></span> <span class='ocrx_word' id='word_1_276' title='bbox 376 2501 638 2559; x_wconf 81' lang='lat' dir='ltr'><strong>disciplinam</strong></span> <span class='ocrx_word' id='word_1_277' title='bbox 668 2508 714 2546; x_wconf 91' lang='lat' dir='ltr'><strong>et</strong></span> <span class='ocrx_word' id='word_1_278' title='bbox 741 2503 849 2546; x_wconf 89' lang='lat' dir='ltr'><strong>inter</strong></span> <span class='ocrx_word' id='word_1_279' title='bbox 886 2516 961 2554; x_wconf 90' lang='lat' dir='ltr'><strong>ea,</strong></span> <span class='ocrx_word' id='word_1_280' title='bbox 1007 2516 1117 2558; x_wconf 90' lang='lat' dir='ltr'><strong>quae</strong></span> <span class='ocrx_word' id='word_1_281' title='bbox 1154 2518 1180 2545; x_wconf 89' lang='lat' dir='ltr'><strong>a</strong></span> <span class='ocrx_word' id='word_1_282' title='bbox 1208 2502 1359 2544; x_wconf 87' lang='lat' dir='ltr'><strong>Persis</strong></span> <span class='ocrx_word' id='word_1_283' title='bbox 1391 2516 1496 2546; x_wconf 91' lang='lat' dir='ltr'><strong>esse</strong></span> <span class='ocrx_word' id='word_1_284' title='bbox 1527 2504 1721 2547; x_wconf 84' lang='lat' dir='ltr'><strong>instituta</strong></span> 
     </span>
     <span class='ocr_line' id='line_1_33' title="bbox 156 2571 1724 2635; baseline 0.001 -15"><span class='ocrx_word' id='word_1_285' title='bbox 156 2571 260 2621; x_wconf 74' lang='lat' dir='ltr'><strong>facit</strong></span> <span class='ocrx_word' id='word_1_286' title='bbox 277 2578 540 2634; x_wconf 66' lang='lat' dir='ltr'><strong>Xenophon,</strong></span> <span class='ocrx_word' id='word_1_287' title='bbox 561 2592 654 2621; x_wconf 89' lang='lat' dir='ltr'><strong>cum</strong></span> <span class='ocrx_word' id='word_1_288' title='bbox 670 2580 715 2621; x_wconf 34' lang='lat' dir='ltr'><strong>fin</strong></span> <span class='ocrx_word' id='word_1_289' title='bbox 738 2578 834 2621; x_wconf 83' lang='lat' dir='ltr'><strong>aliis</strong></span> <span class='ocrx_word' id='word_1_290' title='bbox 856 2579 984 2621; x_wconf 88' lang='lat' dir='ltr'><strong>rebus</strong></span> <span class='ocrx_word' id='word_1_291' title='bbox 1008 2584 1095 2622; x_wconf 91' lang='lat' dir='ltr'><strong>tum</strong></span> <span class='ocrx_word' id='word_1_292' title='bbox 1116 2579 1293 2629; x_wconf 86' lang='lat' dir='ltr'><strong>maxime</strong></span> <span class='ocrx_word' id='word_1_293' title='bbox 1313 2579 1357 2620; x_wconf 76' lang='lat' dir='ltr'><strong>i&#39;n</strong></span> <span class='ocrx_word' id='word_1_294' title='bbox 1379 2573 1724 2635; x_wconf 71' lang='lat' dir='ltr'><strong>rebuspublieis.</strong></span> 
     </span>
     <span class='ocr_line' id='line_1_34' title="bbox 155 2646 1723 2711; baseline 0 -14"><span class='ocrx_word' id='word_1_295' title='bbox 155 2646 285 2711; x_wconf 73' lang='lat' dir='ltr'><strong>Atpnd</strong></span> <span class='ocrx_word' id='word_1_296' title='bbox 309 2653 676 2698; x_wconf 75' lang='lat' dir='ltr'><strong>Lacedaemonios</strong></span> <span class='ocrx_word' id='word_1_297' title='bbox 702 2660 904 2711; x_wconf 80' lang='lat' dir='ltr'><strong>potestas</strong></span> <span class='ocrx_word' id='word_1_298' title='bbox 926 2656 1043 2711; x_wconf 82' lang='lat' dir='ltr'><strong>regia</strong></span> <span class='ocrx_word' id='word_1_299' title='bbox 1071 2656 1199 2698; x_wconf 88' lang='lat' dir='ltr'><strong>arctis</strong></span> <span class='ocrx_word' id='word_1_300' title='bbox 1232 2653 1434 2698; x_wconf 84' lang='lat' dir='ltr'><strong>limitibus</strong></span> <span class='ocrx_word' id='word_1_301' title='bbox 1457 2661 1526 2699; x_wconf 86' lang='lat' dir='ltr'><strong>est</strong></span> <span class='ocrx_word' id='word_1_302' title='bbox 1554 2657 1723 2697; x_wconf 90' lang='lat' dir='ltr'><strong>circum-</strong></span> 
     </span>
     <span class='ocr_line' id='line_1_35' title="bbox 157 2730 1725 2792; baseline 0.001 -19"><span class='ocrx_word' id='word_1_303' title='bbox 157 2731 316 2787; x_wconf 85' lang='lat' dir='ltr'><strong>scripta</strong></span> <span class='ocrx_word' id='word_1_304' title='bbox 344 2733 400 2784; x_wconf 92' lang='lat' dir='ltr'><strong>(r.</strong></span> <span class='ocrx_word' id='word_1_305' title='bbox 419 2731 472 2773; x_wconf 92' lang='lat' dir='ltr'><strong>L.</strong></span> <span class='ocrx_word' id='word_1_306' title='bbox 497 2730 566 2781; x_wconf 75' lang='lat'><strong>14,</strong></span> <span class='ocrx_word' id='word_1_307' title='bbox 587 2731 652 2784; x_wconf 77' lang='lat'><strong>9),</strong></span> <span class='ocrx_word' id='word_1_308' title='bbox 684 2746 888 2775; x_wconf 88' lang='lat' dir='ltr'><strong>summum</strong></span> <span class='ocrx_word' id='word_1_309' title='bbox 914 2746 1016 2775; x_wconf 86' lang='lat' dir='ltr'><strong>vero</strong></span> <span class='ocrx_word' id='word_1_310' title='bbox 1032 2733 1106 2788; x_wconf 86' lang='lat' dir='ltr'><strong>jus</strong></span> <span class='ocrx_word' id='word_1_311' title='bbox 1135 2746 1348 2792; x_wconf 81' lang='lat' dir='ltr'><strong>sacrorum</strong></span> <span class='ocrx_word' id='word_1_312' title='bbox 1369 2733 1557 2775; x_wconf 86' lang='lat' dir='ltr'><strong>obtinent</strong></span> <span class='ocrx_word' id='word_1_313' title='bbox 1576 2746 1725 2786; x_wconf 80' lang='lat' dir='ltr'><strong>reges3</strong></span> 
     </span>
     <span class='ocr_line' id='line_1_36' title="bbox 157 2807 1724 2866; baseline 0.003 -17"><span class='ocrx_word' id='word_1_314' title='bbox 157 2807 271 2862; x_wconf 73' lang='lat' dir='ltr'><strong>apud</strong></span> <span class='ocrx_word' id='word_1_315' title='bbox 299 2807 464 2853; x_wconf 73' lang='lat' dir='ltr'><strong>Persas</strong></span> <span class='ocrx_word' id='word_1_316' title='bbox 485 2808 586 2851; x_wconf 89' lang='lat' dir='ltr'><strong>item</strong></span> <span class='ocrx_word' id='word_1_317' title='bbox 613 2821 688 2852; x_wconf 87' lang='lat' dir='ltr'><strong>rex</strong></span> <span class='ocrx_word' id='word_1_318' title='bbox 714 2810 879 2852; x_wconf 91' lang='lat' dir='ltr'><strong>nomine</strong></span> <span class='ocrx_word' id='word_1_319' title='bbox 907 2809 1041 2864; x_wconf 87' lang='lat' dir='ltr'><strong>magis</strong></span> <span class='ocrx_word' id='word_1_320' title='bbox 1071 2813 1141 2852; x_wconf 89' lang='lat' dir='ltr'><strong>est</strong></span> <span class='ocrx_word' id='word_1_321' title='bbox 1162 2823 1290 2865; x_wconf 32' lang='lat' dir='ltr'><strong>‚quam</strong></span> <span class='ocrx_word' id='word_1_322' title='bbox 1311 2823 1356 2852; x_wconf 91' lang='lat' dir='ltr'><strong>re</strong></span> <span class='ocrx_word' id='word_1_323' title='bbox 1378 2808 1497 2866; x_wconf 87' lang='lat' dir='ltr'><strong>(Cyr.</strong></span> <span class='ocrx_word' id='word_1_324' title='bbox 1523 2807 1562 2859; x_wconf 93' lang='lat'><strong>1,</strong></span> <span class='ocrx_word' id='word_1_325' title='bbox 1590 2808 1632 2858; x_wconf 79' lang='lat'><strong>4,</strong></span> <span class='ocrx_word' id='word_1_326' title='bbox 1658 2808 1724 2854; x_wconf 88' lang='grc'><strong>18.</strong></span> 
     </span>
    </p>
   </div>
   <div class='ocr_carea' id='block_1_4' title="bbox 1386 2895 1446 2939">
    <p class='ocr_par' dir='ltr' id='par_1_5' title="bbox 1386 2895 1446 2939">
     <span class='ocr_line' id='line_1_37' title="bbox 1386 2895 1446 2939; baseline 0 -16"><span class='ocrx_word' id='word_1_327' title='bbox 1386 2895 1446 2939; x_wconf 66' lang='lat'><strong>2*</strong></span> 
     </span>
    </p>
   </div>
  </div>
 </body>
</html>
