1860 3064
788 158 1061 229 &Effl-

136 301 273 347 dinem
304 309 436 360 atque
467 304 644 346 officium
675 305 864 360 equitum
894 300 1398 360 Atheniensiumrviquod
1429 316 1536 348 sane
1566 304 1710 360 negari

116 381 302 437 -nequit3
334 381 399 422 sin
431 393 530 423 vero
564 380 901 433 consideramus,
934 381 971 422 in
1003 380 1164 423 illorum
1186 379 1371 436 equitum
1401 394 1572 423 numero
1602 379 1710 423 filios

135 470 304 513 quoque
325 454 624 511 Xenophontis
646 457 804 510 fuisse,
837 471 945 512 quos
965 458 1134 513 pugnae
1154 457 1427 509 Mantinensi,
1452 455 1512 499 ''de
1534 454 1709 512 qua-illo

132 533 226 574 loco
257 532 440 587 loquitur
470 532 732 587 Xenophon,
784 533 1028 575 interfuisse
1060 548 1140 574 non
1172 535 1433 587 ignoramus,
1464 536 1469 546 ⁵
1480 533 1710 574 cavendum

138 621 242 650 esse
274 608 440 662 opinor,
492 621 545 649 ne
576 606 659 648 illis
691 607 1014 650 Atheniensium
1044 607 1240 649 laudibus
1271 609 1436 648 nimium
1467 608 1708 651 tribuamus.

133 682 283 725 Altero
301 688 345 725 et
361 684 485 725 tertio
504 682 596 724 loco
609 683 844 737 Iphicrates
866 688 910 724 et
924 682 1219 737 Thrasybulus
1233 685 1289 724 ob
1304 688 1436 724 artem
1453 683 1707 738 imperatori-

135 773 202 801 am
223 758 539 814 praedicantur,
564 758 643 800 sed
666 763 710 800 et
732 758 911 800 eundem
932 759 1180 813 Iphicratem
1202 764 1358 819 postea
1378 772 1404 800 a
1426 758 1710 814 Xenophonte

132 835 316 888 graviter
331 834 558 888 vituperari
580 831 774 887 legimus,
796 839 841 875 et
861 839 990 889 supra
1011 834 1167 876 dictum
1189 839 1271 884 est,
1293 834 1397 876 artis
1418 834 1710 890 imperatoriae

136 911 295 965 ubique
323 911 362 951 in
384 910 589 952 historiae
611 923 792 964 graecae
814 923 982 964 quoque
1005 909 1122 951 libris
1141 911 1362 952 maximam
1383 910 1584 953 rationem
1605 903 1710 954 esse

134 987 322 1028 habitam
343 999 369 1027 a
392 981 692 1040 Xenophonte,
724 999 863 1040 neque
885 986 1107 1040 quisquam
1133 986 1360 1036 contendit,
1394 990 1553 1028 tantum
1574 986 1711 1027 fuisse

134 1062 433 1117 Xenophontis
455 1062 493 1102 in
514 1062 806 1104 Athenienses
828 1062 987 1110 odium,
1019 1067 1066 1103 ut
1087 1075 1138 1103 ne
1159 1076 1283 1102 unum
1306 1067 1350 1104 et
1370 1061 1549 1104 alterum
1570 1061 1712 1107 eorum

134 1136 341 1193 praeclari
363 1135 521 1192 aliquid
543 1137 689 1191 egisse
712 1137 928 1186 fateretur,
988 1135 1091 1179 Illos
1111 1150 1212 1179 vero
1234 1135 1368 1188 locos,
1401 1137 1553 1192 quibus
1573 1136 1708 1191 Lace-

134 1214 379 1255 daemonios
407 1227 433 1254 a
453 1213 740 1268 Xenophonte
761 1213 1013 1267 reprehendi
1035 1214 1323 1255 demonstrare
1345 1212 1479 1255 voluit
1500 1211 1710 1268 Spillerus

135 1289 194 1341 (h.
216 1303 275 1343 gr.
297 1287 340 1340 5,
362 1288 403 1337 4,
430 1287 465 1333 1.
496 1286 539 1338 3,
560 1287 603 1338 5,
625 1287 653 1329 8
676 1302 769 1342 sqq.
803 1289 844 1338 4,
866 1288 907 1341 4,
933 1287 998 1333 1⁷.
1037 1290 1078 1338 4,
1100 1288 1142 1341 5,
1164 1288 1204 1334 6.
1243 1288 1284 1339 6,
1306 1289 1347 1338 4,
1368 1288 1409 1333 2.
1449 1288 1490 1343 6,
1513 1288 1555 1341 5,
1575 1287 1652 1342 35)
1674 1289 1710 1330 si

133 1365 403 1419 respicimus,
434 1378 514 1404 non
536 1364 744 1418 percipio,
776 1364 984 1418 quomodo
1012 1363 1118 1405 locis
1146 1364 1326 1417 talibus,
1359 1363 1513 1419 quales
1542 1369 1641 1406 sunt
1668 1364 1709 1405 h.

132 1455 194 1494 gr.
216 1440 258 1492 4,
281 1440 322 1489 4,
349 1438 415 1484 17.
438 1439 479 1489 4,
501 1438 543 1489 5,
566 1438 623 1491 6.,
664 1439 718 1480 ad
739 1440 780 1480 id
803 1440 916 1493 quod
937 1439 1069 1481 voluit
1090 1440 1538 1483 demonstrandum-uti
1560 1445 1707 1495 potue·
1752 1493 1755 1496 Δ

133 1515 185 1557 rit
216 1512 451 1577 Spillerus3
489 1514 544 1555 ad
574 1514 762 1568 reliquos
795 1515 908 1568 quod
939 1516 1112 1568 attinet,
1144 1527 1224 1556 non
1257 1529 1365 1569 nego
1397 1516 1450 1556 iis
1481 1516 1710 1570 vituperari

134 1568 388 1646 Spasstano&
411 1590 491 1632 sed
513 1591 551 1631 in
573 1590 656 1632 illis
679 1604 849 1645 quoque
872 1590 1200 1645 Xenophontem
1221 1596 1408 1633 nostrum
1429 1605 1710 1645 agnoscamus

133 1679 318 1708 necesse
341 1670 421 1708 est.
463 1665 644 1706 Duobus
666 1666 775 1706 enim
795 1663 902 1707 locis
926 1666 983 1718 (h.
1005 1680 1064 1720 gr.
1086 1665 1128 1718 5,
1150 1666 1191 1716 4,
1217 1665 1252 1711 1,
1286 1665 1327 1716 θ,
1349 1666 1390 1716 4,
1412 1665 1441 1707 2
1463 1668 1548 1721 sq.)
1570 1680 1712 1708 eorum

133 1756 234 1797 erga
265 1742 372 1784 deos
405 1740 703 1795 negligentiam
736 1750 931 1791 accusat,
978 1742 1090 1795 quod
1122 1743 1273 1783 crimen
1305 1742 1599 1797 Xenophonti,
1642 1744 1712 1796 qui

132 1822 251 1859 tanta
273 1822 343 1859 cst
364 1818 602 1858 reverentia
624 1830 725 1870 erga
747 1816 875 1866 deos,
908 1822 954 1858 ut
975 1830 1071 1858 eum
1098 1816 1168 1858 vel
1196 1818 1539 1872 superstitiosum
1568 1817 1710 1859 dicere

133 1894 279 1942 liceat,
311 1893 496 1947 inprimis
528 1906 652 1945 grave
683 1906 762 1932 non
795 1892 926 1932 videri
959 1907 1036 1932 non
1069 1893 1216 1946 potuit.
1289 1893 1380 1934 Sed
1411 1894 1449 1933 in
1471 1893 1711 1934 universum

134 1969 281 2015 horum
303 1973 347 2010 et
375 1965 569 2009 similium
592 1954 773 2007 locorum
798 1967 1000 2008 rationem
1034 1968 1102 2008 vix
1134 1967 1370 2009 habendam
1408 1982 1511 2009 esse
1547 1970 1711 2024 opinor,

134 2049 278 2085 contra
309 2057 409 2083 vero
442 2056 542 2083 esse
572 2042 865 2095 respiciendos
897 2041 1015 2082 locos
1046 2041 1300 2096 permultos,
1334 2044 1484 2096 quibus
1515 2044 1713 2098 prodatur

134 2119 347 2173 egregium
376 2117 675 2172 Xenophontis
705 2117 744 2158 in
774 2117 1139 2158 Lacedaemonios
1168 2117 1371 2167 studium,
1403 2120 1582 2160 maxime
1610 2118 1712 2161 illud

132 2196 171 2234 in
203 2209 254 2236 eo
287 2194 580 2248 conspicuum,
614 2193 726 2247 quod
758 2206 892 2247 saepe
922 2206 992 2234 res
1023 2197 1097 2234 aut
1124 2208 1150 2234 a
1179 2193 1397 2235 Thebanis
1431 2195 1541 2235 bene
1577 2199 1650 2237 aut
1685 2209 1711 2237 a

133 2270 358 2325 Spar-tanis
388 2267 499 2311 male
526 2274 677 2323 gestas
707 2283 785 2309 non
814 2274 1129 2319 commemorat,
1163 2269 1277 2324 quod
1303 2270 1458 2326 ubique
1487 2268 1709 2325 diligenter

133 2346 327 2394 adnotat,
359 2345 431 2400 qui
462 2358 593 2399 nuper
614 2345 745 2386 edidit
766 2345 981 2386 historiam
1004 2358 1219 2399 graecam,
1249 2345 1538 2388 Schneiderus
1568 2346 1644 2404 (cf.
1667 2348 1707 2389 h.

133 2435 192 2476 gr.
214 2419 256 2470 6,
278 2421 319 2471 4,
342 2419 388 2471 83
421 2420 462 2470 7,
484 2419 526 2469 5,
553 2419 618 2465 11.
656 2434 691 2462 c.
714 2435 806 2465 ann.
830 2420 1029 2465 Schneid.
1052 2435 1088 2462 s.
1113 2436 1136 2461 v
1171 2416 1325 2473 πλέον,-
1355 2419 1461 2472 7,“4,
1487 2422 1524 2464 1.
1557 2437 1592 2464 c.
1614 2435 1708 2465 ann‘.

133 2497 261 2539 Schn.
292 2509 327 2536 s.
356 2510 392 2536 v.
422 2493 643 2553 Ὠρωπός;
681 2495 722 2546 7,
752 2496 794 2545 4,
823 2495 1032 2545 22—253
1071 2494 1113 2549 7,
1135 2495 1176 2545 2,
1206 2496 1242 2541 1.
1288 2511 1323 2541 c.
1346 2511 1439 2540 ann.
1462 2497 1591 2540 Schn.
1613 2512 1649 2540 s.
1670 2513 1709 2540 v.

131 2567 243 2615 ἀλλὰ
267 2567 375 2628 γάρ,
411 2570 453 2624 5,
480 2572 521 2621 4,
551 2570 619 2614 63.
653 2586 688 2613 c.
718 2586 811 2613 ann.
841 2572 967 2613 Schn.
998 2586 1032 2616 s.
1056 2575 1098 2613 ‘v.
1129 2568 1396 2628 ἐλάμβανον,-
1432 2572 1475 2623 5,
1502 2572 1545 2623 2,
1573 2573 1645 2616 28.
1671 2589 1709 2615 c.

132 2662 223 2691 ann.
248 2647 379 2689 Schn.
410 2660 445 2690 s,
468 2662 506 2690 V.
528 2644 790 2703 λογιστικός,
821 2646 863 2698 7,
889 2646 928 2697 1,
959 2646 1026 2690 15.
1050 2661 1085 2688 c.
1107 2661 1201 2689 ann.
1231 2648 1358 2692 Schn.
1382 2662 1416 2692 s.
1439 2663 1477 2693 ν.
1499 2644 1709 2705 &cmxiii-

131 2737 286 2775 vatov3
322 2721 366 2775 ¹7,
399 2720 437 2771 1,
470 2721 533 2766 19.
578 2737 613 2763 c.
644 2737 735 2766 ann.
768 2723 896 2764 Schn.
927 2737 962 2763 s.
993 2738 1031 2763 v.
1069 2719 1314 2780 τρόπαιον).
1391 2724 1582 2779 Inprimis
1610 2738 1711 2765 vero
1745 2775 1760 2787 ·

133 2803 333 2852 quantum
354 2797 412 2838 sit
434 2797 473 2836 in
495 2796 563 2837 his
586 2797 827 2839 enarrandis
850 2797 1148 2853 Xenophontis
1169 2800 1208 2839 in
1230 2799 1598 2841 Lacedaemonios
1618 2801 1707 2840 stri-

132 2873 264 2922 dium,
297 2873 435 2915 odium
466 2873 503 2913 in
537 2873 789 2926 Thebanos,
822 2875 943 2929 cujus
975 2875 1013 2915 ei
1045 2879 1258 2916 auctorem
1290 2874 1427 2915 fuisse
1458 2871 1709 2927 Agesilaum
