1860 3064
932 165 1000 214 24

170 311 324 353 eodem
366 309 494 351 modo
517 309 591 364 ¹de
632 309 957 364 intemperantia
998 313 1043 351 et
1081 309 1268 351 moribus
1312 308 1563 352 effeminatis
1605 324 1750 354 eorum-

170 389 310 442 agitur
339 387 485 439 (Mem.
513 384 557 434 3,
590 383 658 428 13.
693 384 789 438 14);
821 391 866 428 et
885 385 941 427 ad
955 386 1167 441 justitiam
1188 385 1301 440 quod
1321 386 1473 429 attinet
1492 400 1518 428 a
1532 387 1750 442 judicibes

167 462 508 506 Atheniensibus
537 458 693 504 multos
713 474 853 517 poena
882 460 1032 516 dignos
1053 459 1277 505 absolutos
1298 474 1425 512 esse,
1455 460 1612 506 multos
1632 463 1749 505 inno>

169 544 320 581 centes
348 538 501 592 capitis
530 537 753 579 damnatos
779 537 1060 591 Hermogenis
1087 537 1286 580 docemur
1313 538 1453 580 verbis
1475 538 1621 592 (Mem.
1642 535 1743 588 4‚A‚

168 614 232 667 5).
296 613 389 656 Sed
417 627 497 654 non
526 611 663 655 solum
688 612 982 655 Athenienses
1010 613 1282 668 reprehendit
1302 627 1529 669 eorumque
1557 601 1745 659 instituta

171 692 283 732 bona
305 703 410 732 esse
432 693 562 744 negat
583 689 810 741 Socrates,
840 688 922 730 sed
947 688 1095 738 etiam,
1127 689 1166 730 si
1187 690 1544 744 quaesiverimus,
1575 703 1682 746 quae
1703 689 1744 731 ei

171 764 347 808 aliorum
367 766 619 820 populorum
638 765 830 807 instituta
846 765 957 805 bona
973 769 1018 806 et
1040 765 1368 807 commendanda
1382 766 1478 807 visa
1492 766 1592 817 sint,
1607 774 1745 819 saepe

169 843 223 883 ab
246 854 299 883 eo
319 840 688 883 Lacedaemonios
709 838 907 882 laudibus
930 839 1067 883 efferri
1087 831 1382 896 intelligemus.
1442 841 1745 890 Inxuniversum

170 917 279 957 enim
295 921 343 957 ut
360 916 581 968 Socrates,
602 930 773 970 operam
794 917 833 955 in
856 914 1097 969 aequalium
1116 917 1301 958 moribus
1323 916 1593 959 emendandis
1615 915 1751 957 collo·.

170 1006 272 1034 cans
295 1006 438 1045 suam,
459 1005 564 1033 *cum
583 992 659 1044 iis,
691 1005 804 1046 quae
830 991 1016 1033 Athenis
1045 997 1196 1034 essent
1218 993 1433 1045 instituta,
1465 983 1746 1047 discrepabat,

170 1069 229 1110 ita
248 1067 437 1123 Lycurgi
458 1080 628 1123 quoque
650 1067 841 1111 instituta
862 1053 952 1110 fere
974 1068 1109 1110 omnia
1130 1068 1338 1111 contraria
1359 1073 1479 1112 erant
1497 1066 1746 1123 reliquarum

170 1145 388 1186 civitatum
398 1144 662 1186 Graecarum
676 1142 843 1197 legibus
862 1148 905 1185 et
919 1144 1105 1195 moribus
1127 1146 1176 1196 (r.
1192 1144 1243 1185 L.
1265 1142 1303 1194 1,
1320 1144 1361 1189 2.
1376 1143 1417 1187 5.
1434 1143 1476 1194 2,
1497 1142 1533 1185 l.
1561 1143 1625 1187 12.
1641 1141 1684 1195 3,
1709 1141 1745 1184 1.

168 1219 210 1268 4,
233 1218 262 1260 7
282 1218 379 1271 al.);
412 1233 463 1260 ac
483 1217 678 1273 singulae
700 1233 869 1273 quoque
891 1220 987 1275 ejus
1010 1218 1135 1273 leges
1155 1221 1214 1262 ita
1236 1224 1356 1263 erant
1376 1224 1665 1275 comparatae,
1686 1223 1746 1269 ut,

171 1309 297 1348 quam
321 1295 528 1336 Socrates
550 1295 739 1348 optimae
760 1293 1018 1349 reipublicae
1046 1296 1266 1349 imaginem
1289 1296 1543 1350 cogitatione
1565 1291 1744 1349 comple-

170 1375 377 1422 cteretur,
430 1384 524 1412 eam
544 1370 635 1412 fere
657 1370 765 1412 effici
787 1375 957 1425 putaret
985 1370 1152 1426 legibus
1183 1376 1227 1414 et
1254 1372 1459 1415 institutis
1480 1370 1584 1421 iuis‘,
1635 1383 1747 1425 quae

170 1445 272 1488 nihil
298 1444 414 1489 aliud
440 1451 709 1502 spectarent,
748 1443 835 1488 nisi*
849 1448 971 1502 ipsas
993 1447 1090 1489 illas
1112 1448 1310 1500 virtutes,
1342 1461 1452 1502 quas
1473 1460 1576 1490 esse
1597 1446 1744 1502 prima-

168 1524 256 1564 rias
297 1527 522 1567 statueret.
591 1524 735 1565 Antea
776 1522 885 1564 enim
927 1523 1233 1573 demonstravi,
1284 1528 1376 1571 tota
1415 1522 1488 1565 illa
1526 1535 1748 1578 puerorum

171 1597 418 1653 disciplina,
471 1612 582 1652 quae
615 1598 816 1654 Lycurgo
854 1599 1069 1649 tribuitur,
1120 1599 1163 1640 id
1195 1600 1382 1655 inprimis
1418 1599 1508 1653 agi,
1558 1603 1605 1640 ut
1630 1598 1750 1653 pueri

173 1674 402 1717 reddantur
429 1672 597 1729 legibus
627 1675 974 1731 obtemperantes
994 1676 1020 1716 i.
1044 1688 1083 1717 e.
1099 1676 1228 1731 justi,
1260 1680 1569 1730 temperantes,
1600 1674 1748 1719 fortes.

170 1750 285 1800 Quid
313 1751 439 1805 igitur
464 1751 610 1792 mirum
637 1751 750 1805 quod
776 1750 1209 1794 Lacedaemoniorum
1243 1765 1380 1807 saepe
1418 1750 1613 1793 laudatur
1648 1734 1750 1804 erga

168 1825 292 1880 leges
315 1826 557 1869 obedientia
578 1826 721 1879 (Mem.
743 1827 785 1877 4,
807 1827 849 1876 4,
875 1826 942 1869 15.
972 1825 1016 1879 3,
1037 1826 1080 1877 5,
1105 1825 1160 1868 15
1180 1841 1245 1882 sq.
1269 1827 1320 1869 cf.
1341 1842 1374 1870 ι·.
1403 1827 1454 1868 L.
1476 1824 1526 1879 8,
1551 1825 1616 1879 1),
1648 1839 1749 1868 cura

170 1903 357 1958 corporis
380 1901 561 1957 diligens
582 1902 733 1955 (Mem.
761 1901 788 1945 Ι.
811 1901 875 1954 1.),
898 1915 1010 1957 quae
1042 1908 1241 1957 quantum
1262 1903 1568 1953 commodorum
1588 1901 1752 1955 afferat,

172 1992 308 2032 saepe
331 1979 554 2032 exponitur
581 1978 653 2033 (cf.
674 1978 805 2020 Mem.
834 1976 877 2027 3,
903 1977 997 2031 12),
1027 1978 1303 2031 verecundia,
1334 1979 1468 2034 pudor
1489 1980 1540 2031 (r,
1560 1978 1614 2024 L.
1634 1976 1678 2025 3.
1706 1977 1747 2021 4.

170 2054 214 2097 5.
245 2053 288 2105 5,
309 2053 372 2107 9),
405 2054 486 2095 cibi
506 2058 721 2108 potusque
750 2054 1005 2096 continentia
1030 2054 1102 2107 (cf.
1123 2054 1249 2098 Mem.
1271 2054 1313 2103 4,
1334 2055 1379 2107 4,
1405 2053 1471 2096 15.
1502 2069 1532 2096 r.
1552 2054 1604 2096 L.
1631 2069 1667 2096 c.
1687 2053 1750 2107 5),

169 2130 407 2172 reverentia
437 2130 647 2171 adversus
675 2143 807 2172 senes
836 2130 1038 2172 adbibita.
1099 2129 1157 2172 Et
1172 2129 1272 2172 aliis
1292 2131 1332 2172 in
1354 2130 1504 2179 rebus,
1536 2143 1645 2185 quas
1667 2144 1746 2172 non

169 2207 331 2249 diserte
352 2206 497 2248 laudat
517 2206 745 2259 Socrates,
776 2206 963 2261 Lycurgi
985 2206 1108 2261 leges
1129 2208 1201 2257 iis,
1234 2220 1345 2261 quae
1367 2206 1573 2249 Socrates
1593 2206 1746 2262 proba·

170 2287 256 2331 ret,
304 2287 618 2325 consentaneas
651 2281 923 2337 intelligimus
945 2296 1063 2328 esse.
1128 2281 1349 2339 Ejusmodi
1370 2286 1489 2332 sunt,
1528 2295 1641 2337 quae
1668 2281 1747 2324 So-

171 2363 328 2407 crates,
351 2360 486 2401 bonos
509 2363 554 2400 et
574 2360 747 2413 probos,
769 2359 841 2408 ait,
863 2357 1057 2401 homines
1078 2373 1158 2400 non
1180 2357 1324 2402 solere
1344 2357 1455 2408 aliis,
1476 2372 1589 2414 quae
1608 2358 1749 2414 possi·

169 2434 339 2488 derent,
369 2435 579 2485 invidere,
612 2435 693 2478 sed
722 2440 766 2478 et
795 2450 876 2477 sua
906 2436 1073 2486 amicis,
1112 2441 1159 2478 ut
1187 2436 1240 2477 iis
1268 2440 1503 2485 uterentur,
1542 2436 1749 2491 praebere

167 2516 212 2554 et
232 2512 354 2566 ipsos
384 2509 456 2559 ea,
491 2525 602 2566 quae
625 2516 776 2554 essent
796 2512 1045 2562 amicorum,
1078 2526 1154 2568 pro
1176 2513 1268 2555 suis
1288 2512 1448 2554 habere
1468 2510 1620 2567 (Mem.
1640 2511 1684 2565 2,
1704 2511 1748 2560 ὃ,

162 2585 261 2640 23);
295 2588 484 2641 itemque
510 2589 623 2642 apud
655 2588 1025 2630 Lacedaemonios
1054 2589 1291 2631 institutum
1319 2588 1456 2630 fuisse
1485 2586 1664 2643 legimus
1692 2587 1745 2640 (r.

166 2662 218 2703 L.
240 2661 282 2711 6,
306 2660 349 2704 3.
372 2662 429 2715 4),
446 2666 512 2725 ,⁰¹²³
540 2664 579 2703 si
597 2664 692 2717 quis
714 2669 788 2706 aut
814 2677 966 2706 servos
983 2668 1057 2706 aut
1074 2677 1204 2707 canes
1218 2669 1291 2707 aut
1305 2677 1441 2719 equos
1457 2678 1538 2706 non
1554 2663 1750 2717 haberet,

167 2739 306 2782 servis
343 2744 388 2781 et
423 2739 600 2780 canibus
623 2744 667 2781 et
696 2741 818 2795 equis
840 2736 1014 2782 aliorum
1046 2745 1253 2791 uteretur3
1290 2745 1377 2783 tum
1404 2745 1470 2789 ut,
1508 2741 1547 2782 si
1578 2740 1687 2794 quis·
1709 2739 1748 2778 in

167 2818 376 2857 venatone
397 2815 511 2857 victu
535 2820 701 2868 egeret,
733 2815 905 2858 aliorum
922 2814 1056 2859 cellas
1077 2817 1296 2873 penarias,
1328 2829 1437 2873 quas
1458 2829 1549 2858 suo.
1566 2814 1749 2869 quisque
