1860 3064
922 158 986 207 15

171 301 301 356 illius,
332 304 455 360 cujus
476 301 695 356 imaginem
716 303 796 344 sibi
817 304 952 345 animo
974 304 1150 345 finxerat
1169 303 1423 358 Xenophon,
1455 304 1575 346 cives
1596 319 1742 346 omnes

172 378 365 421 Socratis
386 377 565 432 obsequi
585 375 827 433 praeceptis
859 383 904 421 et
932 377 1227 434 rempublicam
1256 377 1369 422 illam
1389 378 1744 435 Xenophonteam

167 446 355 498 eandem
376 465 481 497 esse
502 459 631 509 atque
653 455 925 497 Socraticam.
987 455 1079 496 Sed
1098 460 1259 497 tantum
1279 457 1421 509 abest,
1453 461 1500 498 ut
1519 469 1591 498 res
1612 457 1672 498 ita
1692 469 1743 497 se

166 529 351 585 habeat,
390 535 459 583 ut,
498 531 688 584 quamvis
715 531 905 573 omnibus
933 529 1017 572 illis
1043 531 1267 572 virtutibus
1298 545 1447 573 revera
1471 532 1650 586 praediti
1680 531 1740 572 di-

172 610 317 649 eantur
344 606 417 661 qui
444 606 485 647 in
508 605 774 661 Cyropae'dia
795 607 1013 661 finguntur,
1039 610 1178 647 tamen
1200 605 1346 660 fugere
1374 621 1452 648 nos
1479 621 1558 649 non
1585 608 1739 661 possit,

169 695 363 735 magnum
397 681 659 724 intercedere
694 681 912 722 discrimen
949 682 1057 724 inter
1090 682 1206 722 cives
1233 695 1332 730 eos,
1378 696 1487 736 quos
1518 682 1739 734 Socrates,

169 770 353 811 eosque,
384 768 494 812 quos
521 756 760 811 Xenophon
789 757 969 811 optimos
998 760 1162 798 statuat
1187 769 1302 800 esse.
1371 755 1742 799 Considerantibus

169 832 278 875 enim
307 833 428 874 nobis
459 833 746 881 artificiosam,
788 837 835 875 ut
863 833 922 874 ita
954 832 1108 883 dicam,
1155 832 1448 887 Cyropaediae
1480 847 1739 888 compagem,

170 905 330 958 clatum
360 909 432 952 fiat
460 923 642 953 necesse
672 913 760 959 est,
792 907 952 951 illarum
973 909 1167 952 virtutum
1196 907 1303 951 alias
1323 910 1478 962 minus,
1510 908 1618 952 alias
1640 923 1739 951 vero

168 998 434 1041 summopere
470 986 770 1038 commendari,
816 999 898 1040 quo
935 998 985 1027 se
1021 985 1200 1026 maxime
1236 985 1375 1039 prodit
1409 986 1560 1040 ingenii
1592 985 1737 1028 Xeno-

167 1061 339 1115 phontis
366 1060 546 1104 indoles.
612 1061 672 1103 Ut
700 1061 809 1102 enim
829 1061 937 1116 justi
973 1074 1075 1102 esse
1103 1060 1290 1103 dicantur
1316 1062 1453 1111 cives,
1499 1062 1607 1103 satis
1636 1074 1739 1102 esse

168 1135 332 1179 videtur
358 1136 630 1191 Xenophonti
659 1150 737 1178 eos
763 1134 930 1190 legibus
953 1137 1264 1191 obtemperare3
1297 1141 1342 1179 et
1368 1137 1577 1197 quomodo
1599 1136 1738 1191 Cyrus

169 1207 276 1263 τοὺς
296 1207 567 1269 ἀρχομένους
588 1213 686 1267 vpios
714 1204 962 1260 reddiderit,
1000 1226 1081 1252 uno
1103 1216 1262 1253 tantum
1285 1199 1486 1254 docemur
1506 1211 1598 1253 loco
1622 1212 1738 1268 (Cyr.

170 1287 215 1341 8,
246 1286 285 1338 1,
312 1287 370 1331 24
392 1293 500 1342 sq.),
545 1289 615 1330 ubi
641 1288 913 1329 'demonstrat
947 1287 1209 1345 Xenophon,
1257 1288 1299 1328 id
1331 1287 1598 1330 utilissimum
1635 1302 1738 1330 esse

170 1364 362 1419 principi,
401 1377 494 1404 cum
522 1376 597 1416 eo,
636 1363 749 1418 quod
779 1363 834 1418 pii
866 1364 952 1405 sint
977 1361 1053 1411 illi,
1092 1368 1136 1405 et
1163 1364 1336 1419 principi
1362 1377 1433 1405 res
1463 1378 1738 1419 quascunque

171 1444 272 1492 agat
297 1438 448 1481 melius
474 1438 706 1493 procedant
736 1444 780 1480 et
799 1439 894 1493 ipse
915 1452 1092 1480 securus
1113 1440 1166 1481 ab
1187 1439 1352 1481 insidiis
1374 1440 1467 1488 fiat,
1499 1454 1609 1494 quas
1632 1454 1735 1495 quo-

169 1514 304 1556 minus
327 1515 366 1556 ei
388 1519 566 1562 struant,
596 1514 758 1569 pietate
779 1513 837 1555 illi
858 1514 1167 1569 prohibeantur.

287 1590 438 1632 Totius
479 1604 579 1632 vero
620 1594 868 1645 spectantes
909 1592 1192 1633 oeconomiam
1233 1591 1398 1645 operis,
1449 1591 1581 1646 quod·
1602 1593 1642 1633 in
1684 1605 1735 1634 eo

170 1680 301 1721 supra
322 1666 500 1707 diximus
528 1667 706 1718 versari,
743 1671 790 1708 ut
817 1666 1126 1709 demonstraret
1161 1666 1418 1722 Xenophon,
1452 1669 1604 1721 quibus
1636 1667 1736 1709 belli

170 1747 215 1785 et
234 1743 536 1798 pacis'artibus
557 1743 771 1797 imperium
787 1743 943 1797 acquiri
963 1748 1117 1797 posset
1137 1747 1182 1785 et
1202 1743 1382 1795 servari,
1404 1758 1482 1785 non
1505 1757 1735 1798 possumus

170 1832 251 1860 non
271 1818 497 1871 affirmare,
524 1832 618 1860 eum
638 1819 780 1873 potius
800 1817 903 1859 illud
923 1823 1156 1869 tractasse,
1179 1818 1385 1874 quomodo
1408 1820 1565 1874 acquiri
1585 1825 1738 1874 posset

170 1878 361 1951 regnum,
393 1909 485 1937 cum
513 1892 573 1937 ab'
594 1895 708 1938 initio
737 1893 829 1937 libri
857 1895 1031 1937 secundi
1060 1910 1198 1951 usque
1226 1896 1281 1938 ad
1302 1896 1423 1939 finem
1450 1895 1540 1938 libri
1563 1896 1736 1952 septimi

171 1972 224 2013 de
251 1972 333 2014 hac
360 1986 407 2014 re
436 1970 529 2014 sola
557 1972 688 2017 verba
714 1972 861 2023 faciat3
898 1970 1003 2014 libro
1032 1972 1197 2014 demum
1218 1978 1366 2015 octavo
1388 1973 1539 2028 paucis
1562 1971 1738 2014 alterum

170 2046 272 2096 illud
298 2047 480 2098 docens,
519 2047 726 2103 quomodo
754 2061 946 2102 regnum,
982 2052 1209 2103 postquam
1236 2049 1294 2091 sit
1322 2053 1572 2103 occupatum
1598 2047 1736 2097 alicui,

170 2129 383 2185 servetur;
403 2138 549 2180 parum
567 2137 725 2165 memor
746 2124 863 2179 ejus,
885 2124 998 2178 quod
1018 2125 1225 2179 praecipit
1244 2125 1339 2178 ipse
1361 2124 1480 2179 (Cyr.
1501 2123 1543 2173 7,
1570 2123 1613 2176 5,
1641 2122 1736 2175 ¹76),

171 2199 340 2242 difficile
361 2199 528 2255 quidem
548 2212 652 2241 esse
673 2212 745 2241 res
772 2200 988 2254 appetitas
1015 2200 1097 2240 sibi
1124 2213 1293 2254 parare,
1326 2200 1407 2241 sed
1435 2199 1564 2242 multo
1593 2199 1736 2241 diffici-

169 2275 251 2318 lius
283 2280 457 2331 paratas
481 2275 605 2320 tueri.
686 2274 847 2318 Omnes
882 2276 1005 2331 igitur
1032 2275 1324 2331 Cyropaediae
1359 2275 1451 2318 libri
1479 2275 1579 2317 nihil
1620 2275 1736 2318 aliud

169 2353 261 2396 sere
283 2353 495 2395 continent
515 2352 597 2394 nisi
614 2353 918 2394 enarrationem
935 2353 1245 2408 expeditionum
1262 2351 1360 2407 Cyri
1375 2357 1519 2394 contra
1536 2351 1735 2408 populos,

170 2441 278 2485 quos
305 2429 477 2485 imperio
505 2443 584 2471 suo
613 2429 826 2485 subjicere
849 2427 1002 2480 vellet3
1042 2434 1087 2472 et
1111 2442 1202 2470 cum
1231 2429 1270 2469 ei
1300 2428 1354 2470 ad
1375 2428 1417 2469 id
1437 2429 1736 2483 perficiendum

168 2507 350 2549 maxime
378 2506 566 2557 exercjtu
592 2505 688 2548 forti
715 2510 840 2548 esset
867 2520 976 2561 opus
1005 2511 1048 2548 et
1068 2506 1200 2554 firmo,
1232 2505 1368 2545 omnia
1388 2504 1479 2546 fere
1502 2506 1596 2560 ejus
1618 2519 1736 2559 prae-

169 2587 295 2637 cepta
320 2582 363 2623 id
390 2581 527 2623 solum
555 2587 774 2637 spectant,
812 2587 859 2625 ut
886 2582 1080 2625 fortiores
1101 2581 1251 2623 reddat
1271 2579 1388 2636 illos,
1420 2582 1491 2636 qui
1513 2595 1563 2623 se
1585 2581 1734 2623 ducem

170 2656 421 2712 sequantui-3
468 2656 571 2699 libro
612 2671 783 2712 quoque
824 2663 995 2712 octavo,
1041 2672 1123 2715 quo
1165 2656 1262 2711 Cyri
1304 2658 1612 2700 commemorari
1652 2657 1736 2697 dixi

168 2733 363 2777 instituta
403 2733 458 2774 ad
496 2748 646 2789 pacem
692 2735 965 2790 pertinentia,
1004 2735 1163 2777 inserta
1194 2739 1265 2776 est
1302 2735 1409 2777 satis
1445 2734 1569 2790 longa
1600 2735 1653 2776 de
1687 2748 1734 2776 re

171 2809 379 2853 castrensi
420 2808 650 2864 disputatio
691 2809 754 2866 (8,
794 2810 859 2865 5),
911 2810 967 2853 ad
1007 2824 1130 2866 quam
1170 2824 1262 2852 cum
1298 2811 1475 2853 accedat
1509 2811 1736 2866 descriptio
