1860 3064
890 183 925 233 6

110 325 198 369 'ciis
224 328 396 369 caussis
428 341 647 378 casurum,
679 341 806 384 quem
838 328 1004 370 facilius
1038 328 1303 379 obtenturum
1345 342 1450 373 esse
1491 331 1597 373 eas?
1618 332 1695 389 „eui

116 405 363 461 pecuniam,
406 403 536 456 filios,
582 403 690 447 filias
718 404 1004 449 concreditum
1032 398 1338 450 iri'libentfns·‘3
1385 408 1426 449 in
1455 419 1581 463 quem
1607 405 1693 451 tam

116 481 300 524 libenter
327 482 486 523 amicos
514 481 720 523 beneficia
755 495 860 523 esse
896 480 1152 534 collaturos,
1180 482 1329 538 ·quam
1357 498 1384 525 a
1420 497 1504 544 quo
1532 484 1693 538 gratias

117 555 297 599 relatum
318 557 365 597 iri
387 556 625 599 confidant?
663 556 730 597 cui
759 555 905 611 plures
933 557 1097 599 futuros
1126 570 1230 600 esse
1257 558 1437 609 amicos,
1467 559 1694 614 pauciores

118 632 327 684 inimicos,
357 646 481 686 quam
501 630 606 675 tali?
639 632 721 674 Est
742 633 868 686 igitur
881 633 1053 688 justitia
1075 646 1128 674 ea
1148 634 1303 684 virtus,
1335 647 1420 688 qua
1439 635 1618 677 maxime
1638 634 1695 677 ad

120 709 281 749 amicos
303 708 385 749 sibi
414 706 697 750 conciliandos
727 712 799 749 est
820 720 952 764 opus,
983 708 1130 763 itaque
1149 709 1294 750 mirum
1323 722 1427 752 esse
1454 724 1535 752 non
1564 710 1694 753 debet

119 799 215 827 eam
241 789 466 840 tantopere
494 784 795 837 commendari,
834 797 927 825 cum
947 782 1164 839 plurimum
1186 798 1290 828 esse
1311 798 1412 828 vero
1433 784 1694 828 tribuendum

118 862 253 904 amico
276 862 455 916 saepius
477 864 707 903 asseveret
727 860 932 903 Socrates
953 860 1102 915 (Mem.
1122 860 1165 910 2,
1186 861 1228 910 Δ,
1255 860 1294 903 1.
1329 861 1367 910 1,
1388 861 1431 911 2,
1453 860 1513 914 ⁵7).

237 936 442 993 Sequitur
470 936 772 993 temperantia3
812 950 993 992 eumque
1021 950 1125 980 esse
1155 941 1462 994 temperantem
1498 938 1695 982 docemur

111 1014 271 1064 (Mem.
293 1014 338 1067 4,
360 1012 401 1064 8,
426 1012 500 1066 11)
522 1014 593 1067 qui
614 1013 1148 1068 nunquamcupiditatibus
1179 1012 1422 1067 indulgens,
1447 1012 1697 1070 jucundiora

117 1103 222 1145 prae
249 1087 515 1140 melioribus,
557 1089 581 1134 i.
605 1102 643 1131 e.
670 1101 775 1144 prae
796 1086 1053 1141 utilioribus,
1084 1087 1233 1144 eligat,
1264 1089 1346 1132 sed
1367 1090 1437 1144 qui
1458 1089 1690 1145 cupiditati-

117 1167 201 1207 bus
230 1166 430 1220 imperet,
461 1163 557 1207 sola
585 1166 747 1208 ratione
775 1165 923 1206 habita
951 1178 1114 1214 eorum,
1153 1178 1264 1219 quae
1282 1165 1394 1207 bona
1415 1178 1520 1207 esse
1540 1178 1692 1221 cogno·

117 1241 247 1291 verit;
269 1241 373 1282 varii
395 1245 537 1283 autem
559 1241 729 1295 generis
747 1253 851 1282 esse
869 1241 1213 1295 intemperantes,
1235 1239 1361 1282 alium
1382 1254 1544 1290 somno,
1566 1240 1694 1283 alium

117 1315 343 1366 lasciviae,
366 1308 494 1357 alium
516 1317 624 1368 vino,
646 1315 771 1357 alium
786 1315 954 1357 edendo
976 1316 1175 1359 deditum.
1229 1316 1423 1358 Omnium
1450 1320 1592 1359 autem
1618 1299 1691 1359 lia-

118 1406 207 1434 rum
221 1406 360 1435 rerum
374 1393 657 1435 abstinentem
676 1392 835 1434 debere
851 1405 954 1434 esse
972 1406 1080 1442 eum,
1103 1394 1172 1447 qui
1180 1398 1483 1448 temperantem
1493 1406 1544 1434 se
1551 1394 1694 1438 ,vocari

120 1467 243 1519 velit,
277 1473 322 1511 et
342 1473 586 1524 temperans
609 1469 668 1511 sit
688 1482 872 1510 necesse
895 1481 1021 1518 esse,
1044 1469 1117 1523 qui
1139 1467 1235 1511 aliis
1255 1469 1480 1512 virtutibus
1501 1468 1695 1520 studeat3

117 1550 410 1600 temperantes
432 1546 542 1586 enim
563 1544 703 1595 solos,
734 1544 960 1586 utilitatem
981 1558 1119 1586 rerum
1140 1549 1411 1599 spectantes,
1444 1544 1694 1599 dig-noscere

118 1634 276 1676 posse,
324 1620 424 1675 quid
445 1620 502 1662 sit
522 1621 695 1673 bonum,
743 1620 845 1676 quid
865 1619 1018 1672 malum
1039 1620 1186 1673 (Mem.
1211 1620 1258 1670 ’4,
1285 1619 1328 1670 5,
1354 1619 1446 1673 11);
1490 1621 1692 1676 intempe-

118 1702 265 1739 rantes
292 1710 394 1738 vero
422 1694 666 1738 libidinibus
694 1696 952 1751 turpissimis
974 1699 1175 1750 parentes
1203 1696 1435 1750 prohiberi,
1468 1696 1694 1750 quominus

121 1773 375 1828 sapientiam
403 1772 717 1821 nanciscantur,
770 1785 862 1812 cum
891 1784 1062 1826 semper
1083 1784 1136 1812 ea
1157 1775 1340 1821 tantum,
1393 1784 1505 1827 quae
1526 1770 1611 1814 sint
1624 1773 1696 1830 ju-

120 1849 277 1898 cunda,
328 1851 554 1903 appetant:
604 1847 888 1905 temperantia
916 1851 1130 1889 carentem
1165 1860 1375 1902 nunquam
1409 1846 1563 1889 bonum
1592 1861 1695 1891 esse

119 1938 278 1980 posse,
324 1924 460 1978 magis
497 1924 606 1965 enirn
636 1937 762 1978 quam
789 1928 934 1965 cetera
961 1923 1309 1977 intemperantem
1336 1923 1484 1977 sugere
1511 1922 1696 1974 labores,

122 2000 314 2054 quamvis
336 2000 460 2040 nobis
483 1996 584 2040 nihil
603 1999 702 2039 boni
723 2013 750 2040 a
778 1999 860 2039 diis
881 1998 1005 2049 detur
1025 1998 1118 2039 sine
1141 1997 1376 2041 laboribus:
1410 1998 1558 2052 (Mem.
1578 1999 1622 2048 2,
1656 1998 1696 2050 1,

119 2075 197 2128 28)
225 2075 372 2129 itaque
400 2074 719 2130 temperantiam
742 2087 845 2116 esse
868 2074 1002 2115 omnis
1022 2074 1188 2116 virtutis
1216 2073 1549 2126 ffindamentum,
1588 2080 1692 2119 tem·

119 2156 340 2207 perantem
368 2150 506 2192 solum
526 2150 582 2191 ad
603 2151 739 2192 omnia
758 2151 867 2191 bona
889 2149 1143 2205 perficienda
1159 2155 1301 2206 aptum
1325 2150 1474 2202 (Mem.
1500 2150 1538 2200 1,
1566 2149 1609 2201 5,
1635 2152 1696 2205 4).

119 2228 187 2270 Ac
226 2231 455 2283 praeterea
490 2227 811 2284 temperantiam
841 2225 977 2269 multa
1007 2226 1159 2269 afferre
1190 2226 1427 2278 commoda3
1484 2229 1598 2278 eain,
1648 2233 1697 2271 ut

121 2304 313 2346 omuibus
332 2304 486 2352 rebus,
538 2303 692 2358 quibus
711 2300 902 2347 fruantur
921 2303 1132 2351 homines.
1178 2304 1339 2361 majore
1360 2317 1452 2347 cum
1471 2302 1695 2362 voluptate

119 2381 308 2423 fruantur
334 2381 528 2430 efficere,
559 2394 654 2421 nam
683 2394 766 2434 quo
797 2380 956 2422 diutius
984 2386 1059 2424 aut
1088 2381 1181 2423 cibo
1208 2384 1284 2423 aut
1310 2385 1414 2435 potu
1439 2386 1515 2423 aut
1549 2394 1695 2423 somno

120 2457 471 2509 abstinuerimus,
524 2469 576 2498 eo
617 2455 912 2497 vehementius
953 2470 1053 2505 nos,
1104 2461 1152 2499 ut
1190 2457 1320 2498 rebus
1350 2454 1435 2498 illis
1471 2457 1694 2512 potiamur,
1733 2496 1735 2498 ,

122 2538 329 2589 appetere
357 2537 595 2587 nactosque
617 2545 670 2573 eo
700 2531 898 2574 libentius
926 2532 979 2573 iis
1015 2532 1093 2573 frui
1129 2531 1298 2582 solere,·
1349 2532 1696 2587 intemperantem

121 2618 243 2660 vero,
286 2623 380 2651 cum
410 2614 640 2664 antequam
670 2605 831 2649 illarum
861 2621 997 2650 rerum
1027 2608 1085 2652 sit
1115 2608 1315 2664 cupidus,
1347 2608 1401 2649 iis
1430 2606 1572 2651 soleat
1601 2606 1695 2662 frui,

120 2684 380 2741 voluptatem
408 2683 522 2727 illam
547 2697 753 2726 summam
780 2698 860 2725 uon
880 2698 1026 2727 nosse.
1087 2683 1145 2726 Et
1173 2698 1246 2734 eo,
1278 2683 1393 2740 quod
1413 2684 1505 2726 cibo
1527 2689 1697 2740 etpotu

122 2759 301 2816 aliisque
337 2761 526 2816 corporis
559 2758 852 2816 voluptatibus
884 2773 965 2817 per
991 2758 1165 2815 aliquod
1197 2765 1366 2816 tempus
1394 2761 1602 2810 abstinet,
1653 2759 1696 2802 il

123 2851 292 2895 quoque
329 2836 443 2882 facili
480 2851 611 2895 opera
648 2835 898 2894 assequitur
939 2842 1198 2896 temperans,
1250 2841 1298 2880 ut
1337 2837 1509 2894 famem,
1567 2836 1695 2888 sitim,
