1860 3064
912 157 981 206 42

154 301 367 352 videntur,
400 304 529 345 verba
548 298 620 345 illa
641 316 668 344 a
688 302 1005 359 Xenophonte
994 317 1033 344 m
1055 303 1136 345 tine
1155 301 1227 345 01.
1245 294 1356 356 Ῐο5,
1388 303 1430 344 id
1458 307 1529 345 est
1545 304 1728 357 quadril.-

154 377 270 436 ginta
289 380 452 423 minime
474 380 594 422 annis
615 384 734 435 post,
767 380 893 422 scribi
913 393 993 421 non
1016 373 1232 436 potuisse,
1263 368 1316 423 et
1329 370 1568 436 propterea
1576 373 1726 435 proba·-

157 453 241 498 bile
262 469 387 504 esse,
408 456 564 511 primos
586 455 703 505 dnos
712 455 923 497 historiae
949 468 1132 509 graecae
1153 453 1289 497 libros
1310 456 1365 497 ab
1386 468 1438 496 eo
1461 444 1604 497 editos
1623 464 1728 497 esse

154 532 299 574 statim
332 537 561 586 postquam
597 546 690 573 cum
724 529 932 586 Agesilao
969 544 1023 574 ex
1050 532 1173 574 Asia
1186 521 1358 574 redierit
1380 525 1473 583 (m.
1497 524 1574 581 90,
1598 530 1647 575 -24
1674 531 1729 572 ct·

153 607 356 651 Niebuhr.
383 605 409 652 l.
439 606 464 652 l.
495 621 535 662 p.
565 605 662 651 407.
704 604 875 662 Spiller.
913 606 940 650 l.
970 606 996 649 1.
1022 615 1067 662 p.
1094 605 1182 660 38).
1253 606 1379 657 Quae
1407 616 1499 649 cnm
1535 608 1600 649 ita
1625 606 1729 658 sinn

154 684 301 724 mirum
318 697 422 725 esse
444 697 522 723 non
545 688 704 737 potest,
726 683 839 737 quod
860 684 1000 731 etiam,
1024 695 1128 724 esse
1137 674 1464 737 Xenophontem
1486 683 1620 724 animo
1638 672 1725 724 alio

155 760 195 799 in
223 757 591 801 Lacedaemonios
621 763 665 800 et
691 757 983 801 Athenienses
1010 758 1049 798 in
1079 757 1213 801 altera
1233 758 1438 800 historiae
1458 757 1570 800 illius
1591 762 1726 813 parte,

155 834 237 875 alio
258 835 297 874 in
321 832 454 875 altera
477 832 734 875 contendunt
753 834 802 883 ii,
835 835 904 887 qui
926 833 1007 875 hac
1028 824 1082 874 de
1102 846 1148 874 re
1171 833 1473 877 disseruerunt.
1513 824 1727 888 Spillerus

156 908 325 963 quidem
347 909 389 949 id
418 913 545 964 negat
568 905 612 963 (l.
635 907 662 950 l.
685 922 724 964 p.
746 907 816 953 82.
845 902 923 962 31)
946 913 990 951 et
1009 901 1355 964 Xenophontem,
1387 900 1466 961 ait,
1497 900 1653 964 ubique
1673 920 1726 950 vne

154 983 411 1039 locupletem
439 984 668 1026 ostendere
697 989 910 1025 auctorem
938 988 982 1025 et
1010 984 1217 1026 sincerum
1237 974 1611 1038 rerumgestarum
1630 996 1724 1038 pro-

155 1061 455 1111 nuntiatorem3
494 1061 574 1102 sed
603 1062 698 1116 ejus
728 1062 980 1104 sententiam
1009 1060 1160 1103 salsam
1182 1074 1285 1103 esse
1308 1073 1435 1116 spero
1466 1060 1555 1102 fore
1588 1064 1637 1102 ut
1673 1072 1726 1102 ex

158 1138 232 1189 iis,
264 1149 376 1191 quae
392 1137 481 1192 jam
502 1136 730 1191 proferam,
763 1135 954 1180 eluceat·
1002 1137 1260 1178 Niebuhrius
1283 1136 1328 1188 (Ἰ.
1350 1135 1374 1180 l.
1397 1150 1438 1191 p.
1453 1135 1561 1188 406)
1582 1137 1622 1176 in
1641 1136 1723 1190 pri-

155 1226 228 1253 ore
249 1212 460 1253 historiae·
477 1217 599 1266 parte
615 1212 941 1266 Xenophontem
957 1213 1077 1267 juste
1099 1212 1153 1254 de
1169 1212 1506 1253 Atheniensibus
1515 1203 1725 1268 judicare,

154 1289 193 1330 in
221 1289 458 1344 posteriore
487 1281 695 1343 ingenium
722 1287 902 1342 prodere
929 1301 1103 1343 prorsus
1131 1287 1562 1330 Lacedaemoniorum
1582 1276 1725 1329 studio

155 1365 353 1406 infectum
382 1369 553 1414 censet3
612 1363 801 1405 Haasius
836 1377 937 1404 vero
980 1363 1130 1418 (praef.
1167 1352 1221 1405 ad
1249 1362 1339 1407 libr.
1369 1363 1422 1405 de
1450 1376 1537 1418 rep.
1565 1363 1724 1406 Laced.

154 1454 193 1495 p.
208 1438 291 1496 25)
314 1441 563 1482 contrariam
584 1439 674 1481 fere
696 1439 886 1481 defendit
907 1439 1176 1488 sententiam,
1199 1436 1270 1493 qui
1290 1439 1509 1481 historiam
1530 1450 1724 1494 graecam

155 1517 270 1559 initio
299 1516 469 1570 quidem
490 1516 602 1558 dicat
628 1520 758 1558 totam
779 1516 869 1558 fere
890 1516 929 1556 in
953 1515 1386 1558 Lacedaemoniorum
1400 1516 1529 1557 rebus
1551 1515 1726 1565 versari,

157 1597 413 1646 ceterosque
437 1592 628 1643 Graecos
652 1591 801 1634 leviter
820 1596 982 1634 tantum
1004 1597 1049 1633 et
1069 1592 1246 1634 strictim
1269 1579 1488 1646 attingere.

271 1665 418 1722 Atque
440 1667 613 1722 primum
634 1666 735 1708 illud
757 1667 1139 1722 perpenderemus,
1173 1666 1285 1721 quod
1303 1667 1520 1710 >contendit
1538 1666 1725 1709 Niebuh-

154 1745 254 1793 rius,
286 1743 613 1797 Xenophontem
635 1744 674 1784 in
697 1744 840 1798 primis
863 1743 1028 1785 duobus
1049 1743 1252 1785 historiae
1273 1756 1454 1798 graecae
1475 1735 1592 1785 libris
1607 1737 1729 1800 jdste

155 1820 209 1860 (le
238 1819 574 1861 Atheniensibus
597 1818 843 1874 judicasse3
884 1831 1009 1873 quam
1030 1819 1248 1860 Niebuhrii
1277 1820 1531 1861 sententiam
1558 1818 1728 1873 egregie

156 1895 255 1935 mihi
277 1894 442 1936 videtur
463 1894 679 1936 refutasse
703 1894 913 1948 Spillerus
936 1893 977 1946 (l.
1001 1893 1027 1935 l.
1048 1909 1089 1949 p.
1111 1892 1210 1946 33),
1240 1895 1309 1948 qui
1325 1895 1488 1950 justum
1515 1892 1617 1934 illud
1639 1893 1725 1935 Xe-

156 1971 380 2025 nophontis
404 1969 606 2026 judicium
630 1968 753 2012 valde
782 1969 1013 2011 desiderari
1042 1970 1142 2012 dicit
1169 1970 1207 2011 in
1229 1969 1355 2020 locis,
1388 1969 1526 2024 qualis
1548 1971 1606 2015 sit
1625 1969 1726 2012 Hel-

154 2046 234 2091 len.
262 2045 306 2099 2,
341 2045 384 2096 2,
418 2044 458 2090 3.
504 2043 577 2094 10,
629 2046 700 2087 ubi
729 2050 869 2087 narret
899 2045 1158 2101 Xenophon,
1217 2046 1358 2088 nuntio
1395 2045 1450 2088 de
1486 2033 1728 2090 calamitate

154 2123 267 2177 apud
295 2123 642 2177 Aegospotamos
672 2122 868 2163 Athenas
897 2121 1082 2176 perlato,
1122 2110 1413 2164 Athenienses
1442 2124 1729 2173 existimasse,

155 2212 205 2241 se
233 2212 442 2253 passuros
465 2211 569 2239 esse
592 2212 664 2250 ea,
696 2211 806 2252 quae
828 2199 944 2253 prius
967 2200 1005 2240 in
1026 2197 1202 2249 Melies,
1242 2197 1565 2249 Histiaeenses,
1599 2198 1728 2241 Toro-

157 2287 309 2323 naeos‚
342 2275 604 2328 Aeginetas,
635 2273 743 2315 alios
773 2276 913 2328 graeci
943 2276 1117 2317 nominis
1145 2272 1376 2330 permultos
1404 2276 1489 2329 ipsi
1512 2263 1727 2329 perpetra·

155 2350 340 2402 vissent‚
373 2363 512 2404 neque
541 2350 621 2391 sibi
648 2347 850 2404 reliquam
878 2363 981 2393 esse
1012 2350 1215 2403 salutem,
1249 2334 1335 2393 *sed
1363 2351 1550 2393 vicissim
1575 2349 1727 2406 perpe-

155 2425 320 2476 tienda,
352 2438 462 2478 quae
491 2426 572 2479 ipsi
596 2439 673 2466 non
696 2424 838 2467 illatas
859 2426 1033 2482 injurias
1054 2425 1287 2468 ulciscendi
1308 2426 1471 2476 studio,
1506 2425 1588 2468 sed
1613 2428 1729 2483 m'e‘ra

154 2499 389 2556 petulantia
425 2501 633 2559 adversus
660 2500 871 2543 humilium
901 2502 1145 2557 oppidorum
1173 2501 1333 2544 incolas
1360 2487 1724 2557 designariss‘enn

154 2578 264 2617 hunc
286 2576 410 2630 igitur
430 2575 567 2617 locum
581 2576 792 2631 Spillerus
815 2583 964 2620 censet
985 2578 1213 2620 irrisionem
1234 2578 1386 2632 magis,
1409 2589 1534 2632 quam
1549 2578 1729 2620 animum

154 2652 491 2694 Atheniensibus
519 2651 768 2694 benevolum
795 2653 994 2708 prodere3
1035 2658 1164 2708 atque
1193 2652 1387 2708 equidem
1407 2652 1535 2710 plane
1563 2640 1657 2695 enm
1677 2665 1729 2695 eo

156 2728 376 2770 consentio
406 2727 477 2780 (cf.
508 2727 549 2770 h.
576 2742 635 2782 gr.
662 2727 706 2778 2,
733 2728 775 2778 2,
803 2727 863 2771 23
889 2729 928 2769 in
958 2729 1074 2789 fine).
1142 2729 1322 2772 Rectius
1350 2730 1474 2784 igitur
1500 2726 1732 2772 Niebuhr-io

157 2804 323 2849 videtur
344 2804 555 2845 statuisse
576 2803 779 2853 Haasius‚
803 2803 1129 2861 Xenophontem
1149 2805 1246 2848 inde
1268 2820 1293 2848 a
1314 2805 1418 2848 libro
1439 2806 1571 2860 primo
1592 2812 1731 2857 usque
