1860 3064
897 157 967 210 36

143 304 339 359 Agesilai
360 305 473 346 facta
495 305 678 348 enarrari
700 305 882 359 ejusque
913 315 1053 344 mores
1074 301 1238 349 laudari
1265 304 1361 358 ipsa
1388 301 1479 349 libri
1507 303 1721 357 inscriptio

141 380 289 434 docet,
323 380 423 435 quid
445 381 502 429 sit
523 379 817 433 statuendum,
831 429 834 432 ⁴
849 379 954 421 infra
976 379 1161 433 dicetur,
1191 379 1274 422 sed
1300 393 1379 435 per
1405 393 1457 421 se
1478 377 1723 432 intelligitur

144 457 184 496 in
208 455 279 496 illo
303 469 473 510 quoque
495 456 654 510 scripto
676 454 1005 509 Xenophontem
1033 468 1224 510 magnam
1253 459 1419 509 partem
1445 455 1486 495 in
1514 453 1721 496 laudanda

98 528 102 531 ⁴
144 529 337 585 Agesilai
359 530 604 573 fortitudine
628 536 672 573 et
692 543 829 572 rerum
849 529 1093 572 bellicarum
1112 530 1270 585 peritia
1288 531 1469 580 versari,
1493 543 1584 572 cum
1605 530 1718 584 Age·

147 606 284 649 silaus
306 607 493 662 inprimis
514 594 677 661 magnis
698 607 828 657 rebus
850 604 961 649 bello
983 606 1121 661 gestis
1143 604 1435 650 excelluisset.

266 682 428 724 Paucis
449 683 519 725 his
537 683 768 737 disputatis
788 682 843 728 de
863 682 1064 724 minorum
1084 681 1384 737 Xenophontis
1405 680 1600 737 librorum
1622 694 1719 722 eon-

143 758 251 801 siliis
273 773 354 799 non
377 759 527 814 injuria
549 758 806 801 contendere
826 758 928 799 mihi
947 757 1113 807 videor,
1145 756 1481 812 Xenophontem,
1500 757 1542 799 in
1564 754 1721 810 eligen-

145 834 212 875 dis
243 833 440 875 librorum
467 834 726 887 argumentis
754 834 1020 889 potissimum
1044 831 1306 877 delectatum
1333 846 1437 878 esse
1463 833 1536 885 iis,
1568 833 1720 887 quihus

143 914 375 964 praecepta
413 908 583 952 tradere
619 913 812 964 posset‚-
832 909 987 963 quibus
1021 909 1160 952 idonei
1190 902 1464 952 redderentur
1501 907 1720 963 aequales,

145 987 215 1040 qui
242 990 316 1027 aut
337 984 493 1026 bellum
514 989 711 1039 gererent
732 989 806 1028 aut
828 985 1031 1033 exercitui
1053 990 1128 1028 aut
1157 983 1415 1040 reipublicae
1434 988 1719 1039 ,praeessent3

146 1074 329 1115 eumque
351 1061 389 1101 in
413 1061 466 1103 iis
488 1073 658 1115 quoque
678 1059 817 1113 libris,
847 1061 886 1102 in
908 1061 1063 1115 quibus
1091 1066 1302 1103 ut-rerum
1322 1072 1448 1103 usum
1474 1065 1519 1102 et
1544 1044 1721 1116 pretium

147 1150 172 1177 e
193 1135 346 1183 morali
367 1137 531 1178 ratione
554 1137 802 1179 aestimaret
820 1136 902 1184 sibi
918 1137 1201 1190 proposuerit,
1222 1134 1390 1178 illorum
1403 1140 1723 1190 praeceptorum

146 1225 249 1267 prae
280 1211 438 1254 ceteris
466 1211 670 1262 rationem
689 1209 912 1260 habuisse,
933 1225 1026 1252 curn
1046 1212 1284 1256 arctissime
1301 1212 1409 1254 inter
1422 1224 1475 1255 se
1495 1211 1723 1255 cohaerere

145 1287 324 1329 arbitrer
351 1291 586 1342 praecepta
615 1287 669 1329 de
698 1287 769 1336 iis,
801 1300 913 1341 quae
940 1285 1199 1342 reipublicae
1227 1287 1403 1349 principi
1430 1287 1517 1332 'sint
1540 1286 1720 1340 agenda,

146 1363 266 1408 etde
297 1362 572 1405 officiisbohi
601 1363 881 1418 imperatoris.
942 1362 1109 1409 Etenim
1136 1368 1184 1406 ut
1213 1376 1331 1412 eum,
1362 1363 1433 1417 qui
1465 1361 1720 1417 reipublicae

144 1440 329 1495 praesit,
361 1437 431 1480 illo
451 1452 623 1480 munere
645 1440 756 1480 bene
778 1438 891 1493 fungi
912 1453 991 1480 non
1017 1451 1155 1494 posse
1177 1444 1328 1481 censet
1349 1438 1610 1494 Xenophon,
1640 1439 1719 1479 nisi

145 1517 309 1570 peritus
339 1516 397 1557 sit
424 1516 485 1556 rei
512 1514 705 1557 militaris
737 1520 781 1557 et
812 1516 917 1558 artis
948 1516 1268 1570 imperatoriae,
1300 1516 1360 1558 ita
1385 1525 1481 1558 eum
1514 1514 1719 1569 profecto,

147 1592 218 1645 qui
248 1591 386 1632 bonus
428 1590 486 1633 sit
524 1591 783 1632 exercituum
815 1591 920 1639 dux,
958 1591 1112 1632 bonum
1151 1590 1301 1633 statuit
1331 1603 1435 1633 esse
1465 1589 1721 1645 reipublicae

151 1667 400 1721 principem3
427 1679 551 1722 quam
574 1666 612 1707 ei
634 1667 889 1708 sententiam
905 1647 1030 1708 facile
1052 1666 1147 1706 oriri
1168 1665 1366 1720 potuisse
1388 1666 1532 1720 opinor
1553 1679 1578 1707 e
1594 1667 1722 1707 rebus

145 1741 215 1783 ἰΙΙο
245 1747 436 1796 tempore
464 1742 628 1796 gestis;
661 1755 797 1797 saepe
826 1742 935 1784 enim
962 1740 1142 1796 legimus
1171 1756 1197 1784 a
1217 1740 1572 1785 Lacedaemoniis
1602 1756 1721 1785 exer-

148 1818 305 1860 cituum
327 1817 460 1860 duces
482 1804 538 1860 ad
557 1817 770 1872 regendas
799 1818 996 1860 civitates
1025 1831 1129 1860 esse
1156 1818 1335 1868 missos,
1366 1830 1474 1872 quos
1502 1812 1725 1874 ἁρμοστὰς

148 1894 379 1943 vocabant,
413 1898 457 1935 et
483 1893 724 1947 Xenophon
754 1893 848 1947 ipse
877 1893 1035 1935 fatetur
1054 1894 1219 1949 ⁸(Anah.
1241 1891 1284 1942 5,
1300 1892 1349 1942 9,
1368 1892 1467 1946 21),
1500 1905 1551 1935 se
1580 1894 1721 1935 civita·

147 1974 233 2010 tem
264 1967 489 2023 aliquando
532 1968 714 2010 condere
758 1967 946 2009 voluisse
988 1981 1167 2023 eamque
1209 1969 1317 2021 sibi,
1362 1983 1454 2011 cum
1493 1975 1724 2023 praeesset

148 2044 373 2104 exercitui,
405 2058 486 2085 non
509 2042 645 2085 semel
667 2043 935 2085 occasionem
956 2056 1060 2086 esse
1081 2043 1277 2089 oblatam.
1320 2045 1485 2097 (Anah.
1506 2043 1548 2095 ⁶7,
1573 2043 1724 2098 Lm.)

264 2119 496 2174 Reliquum
527 2125 623 2173 est,
670 2124 717 2162 ut
746 2120 922 2162 istarum
953 2133 1092 2162 rerum
1123 2121 1376 2177 studiumkin
1408 2119 1525 2162 libris
1556 2130 1724 2175 quoque

145 2194 363 2238 historicis
385 2195 671 2238 demonstrem
691 2211 717 2239 a
741 2195 1029 2252 Xenophonte
1059 2211 1140 2238 non
1170 2209 1275 2239 esse
1301 2195 1563 2251 neglectum3
1595 2201 1640 2238 et
1668 2196 1723 2238 de

146 2271 228 2314 illis
261 2272 434 2326 egregie
465 2272 563 2314 mihi
590 2272 816 2328 judicasse
847 2272 1009 2315 videtur
1053 2272 1105 2318 G,
1132 2273 1180 2318 F.
1210 2272 1446 2315 Creuzerus
1480 2272 1551 2326 (de
1578 2272 1721 2315 Xeno·

145 2347 304 2402 phonte
345 2348 564 2390 historico.
626 2347 748 2402 Lips.
794 2347 947 2402 1799),
999 2350 1121 2405 cujus
1162 2349 1270 2391 haec
1313 2349 1404 2392 tere
1453 2354 1554 2392 sunt
1592 2351 1722 2391 verba

145 2426 203 2477 (p.
232 2422 290 2463 45
320 2427 446 2476 sqq.).
498 2424 676 2466 Dixerat
710 2425 771 2464 vir
812 2425 986 2474 doctus,
1032 2430 1173 2466 certos
1210 2425 1417 2479 quosdam
1458 2437 1562 2466 esse
1602 2423 1721 2465 locos

146 2510 317 2538 numero
346 2497 569 2539 admodum
596 2513 778 2554 paucos,
811 2500 964 2553 quibus
986 2499 1286 2555 Xenophontis
1314 2513 1478 2543 omnem
1496 2499 1722 2541 ‘historiam

146 2573 201 2615 ad
233 2577 351 2615 certa
383 2572 533 2626 aliqua'
554 2575 780 2615 officiorum
811 2575 1035 2617 dictamina
1063 2576 1303 2620 revocantis
1331 2575 1515 2618 studium
1540 2575 1721 2619 maxime

144 2649 367 2703 prodatur,
405 2646 502 2690 illos
534 2647 663 2711 locos
691 2651 848 2705 ubique
887 2664 1086 2705 regnare,
1134 2664 1212 2694 eos
1254 2659 1536 2706 quaecunque
1572 2650 1721 2707 majori

145 2726 285 2767 studio
309 2730 353 2767 et
372 2725 601 2780 praecipuo
627 2741 768 2769 amore
797 2728 997 2784 exposita
1033 2741 1138 2770 esse
1168 2727 1410 2779 videantur,
1443 2736 1651 2782 occupare
1680 2726 1720 2766 in

147 2802 353 2855 episodiis
374 2802 647 2857 praesertim,
683 2802 884 2859 dialogis,
918 2805 1177 2853 orationibus
1206 2805 1363 2861 ubique
1385 2805 1474 2848 sere
1496 2801 1648 2848 obvios
1676 2806 1721 2843 et
