1860 3064
940 129 974 178 5

174 279 284 336 pitin
326 280 552 333 propterea
580 275 688 334 deos
716 288 822 317 esse
842 274 1077 329 placandos
1099 279 1143 317 ct
1163 275 1380 316 sacrificiis
1401 287 1476 330 pro
1499 275 1656 316 viribus
1678 289 1744 315 co-

174 355 347 411 lendos3
378 360 521 395 eorum
530 350 651 395 'enim
671 366 751 392 non
780 352 1007 408 interesse,
1028 355 1163 393 utrum
1183 352 1346 406 magnis
1367 366 1419 393 an
1441 352 1583 407 parvis
1605 349 1742 392 colan-

175 437 241 474 tur
261 428 501 487 sacrificiis,
533 427 614 469 sed
636 428 689 483 iis
710 427 818 469 deos
838 428 1017 468 maxime
1047 428 1232 482 gaudere
1260 428 1510 477 honoribus,
1544 426 1699 482 quibus
1720 442 1746 468 a

174 507 349 548 maxime
378 505 460 560 piis
489 503 719 545 afficiantur
749 502 894 560 (Mem.
916 502 955 553 1,
976 501 1019 555 3,
1038 502 1080 545 3.
1118 504 1159 553 4,
1181 503 1223 552 3,
1249 502 1344 558 17);
1382 505 1525 558 itaque
1556 504 1636 545 diis
1665 518 1745 545 non

173 587 261 624 tum
280 578 425 622 ,solum
452 591 576 621 sacra
604 592 708 620 esse
736 578 953 631 facienda,
984 592 1077 618 cum
1104 580 1199 632 quis
1228 592 1369 620 eorum
1397 584 1524 633 egeat
1554 578 1744 631 consilio,

147 671 150 674 *
175 656 256 699 sed
277 668 460 710 semper,
481 655 731 709 praesertim
752 666 850 696 cum
871 654 967 708 quis
988 655 1046 696 sit
1067 654 1303 696 conditione
1325 655 1446 699 bona.
1507 652 1571 697 Ut
1586 659 1742 704 autem,

176 734 213 776 si
235 732 303 773 dei
325 730 463 771 sutura
485 729 821 783 significaverint,
853 742 996 771 eorum
1018 727 1191 773 consilio
1213 729 1360 783 possis
1380 730 1454 781 uti,
1486 736 1620 771 artem
1641 730 1741 770 divi·

175 807 298 850 nandi
329 819 431 854 esse
454 805 717 857 discendam,
748 810 796 848 ut
821 806 916 861 ipse
945 819 999 848 ex
1019 806 1206 861 auguriis
1228 803 1410 861 aliisque
1432 806 1566 861 signis
1589 821 1740 862 cogno—

174 896 296 927 scere
323 883 489 937 possis,
528 882 627 936 quid
656 883 713 924 sit
739 882 992 932 laciendum,
1040 895 1149 923 neve
1178 895 1232 923 ex
1257 882 1554 937 haruspicibus
1583 884 1659 925 tibi
1687 884 1746 925 sit

174 959 458 1015 quaerendum
479 958 624 1011 (Mem.
650 957 686 1008 1,
712 957 750 1008 1,
772 957 813 1000 7.
844 958 887 1007 4,
908 956 949 1008 7,
975 956 1060 1011 10),
1121 957 1320 1000 Necesse
1342 959 1465 1013 igitur
1486 972 1590 1001 esse
1610 960 1740 1001 homi-

173 1036 315 1084 nibus,
361 1034 599 1089 quicunque
627 1047 698 1075 res
734 1047 839 1075 suas
871 1034 953 1074 sibi
980 1034 1157 1076 feliciter
1180 1033 1416 1089 procedere
1446 1034 1635 1089 cupiant,
1682 1039 1742 1087 ut,

175 1112 368 1167 quoniam
408 1124 519 1165 quae
560 1116 688 1165 agant
727 1124 804 1165 pro
845 1110 1019 1152 rationis
1061 1123 1167 1151 suae
1204 1108 1490 1152 imbecillitate
1532 1111 1740 1165 quomodo

174 1201 326 1230 casura
355 1187 440 1229 sint
469 1186 717 1241 praevidere
748 1190 984 1241 nequeant,
1036 1187 1105 1241 pio
1143 1198 1244 1240 erga
1276 1185 1382 1227 deos
1413 1186 1499 1228 sint
1528 1187 1664 1228 animo
1697 1192 1742 1229 et

174 1264 293 1306 deos
309 1261 529 1305 consulant
558 1267 687 1317 atque
709 1275 764 1304 ex
788 1262 856 1303 his
877 1274 1018 1304 rerum
1040 1267 1219 1304 eventus
1247 1267 1563 1317 percontentur,
1596 1264 1740 1317 itaque

172 1341 349 1382 omnium
369 1353 506 1382 rerum
526 1339 683 1381 initium
704 1339 938 1381 faciendum
960 1351 1063 1380 esse
1085 1353 1111 1380 a
1132 1338 1233 1390 diis;
1267 1339 1378 1380 extis
1400 1352 1498 1381 vero
1521 1353 1600 1381 non
1623 1338 1738 1381 addi-

172 1417 364 1458 centibus
386 1413 486 1456 nihil
506 1413 633 1469 plane
655 1427 757 1457 esse
780 1415 986 1469 agendum
1012 1414 1158 1467 (Mem.
1184 1414 1221 1465 1,
1243 1413 1285 1464 3,
1307 1415 1366 1467 4).

287 1489 438 1534 Altera
466 1492 600 1534 virtus
632 1497 702 1533 est
723 1491 912 1547 justitia,
951 1492 1073 1546 cujus
1102 1489 1259 1545 duplex
1288 1496 1358 1533 est
1389 1492 1518 1542 ratio;
1560 1492 1741 1533 cernitur

174 1568 280 1609 enim
297 1572 341 1609 et
361 1568 400 1608 in
423 1581 489 1617 eo,
513 1568 838 1622 quomodoquis
861 1581 912 1609 se
934 1568 1068 1608 civem
1088 1572 1223 1622 gerat,
1256 1574 1301 1611 et
1322 1568 1531 1622 quomodo
1553 1569 1592 1609 in
1618 1566 1740 1617 alios,

172 1644 419 1697 quibuscum
448 1643 574 1684 vivat.
606 1666 659 1672 —
695 1644 763 1684 Ad
798 1643 915 1697 prius
943 1641 1045 1683 illud
1073 1643 1185 1697 quod
1207 1643 1376 1692 attinet,
1417 1644 1582 1698 justum
1609 1643 1741 1684 virum

173 1733 268 1760 eum
289 1719 433 1760 definit
454 1732 556 1760 esse
585 1719 809 1768 Socrates,
837 1719 905 1772 qui
928 1719 1087 1773 injusta
1108 1733 1186 1759 nou
1210 1719 1359 1769 faciat;
1392 1720 1555 1759 omnino
1573 1721 1739 1774 justum

172 1809 271 1839 vero
294 1808 397 1837 esse
425 1783 550 1848 illud,
589 1794 701 1850 quod
730 1794 787 1836 sit
812 1792 1044 1852 legitimum
1065 1794 1210 1846 (Mem.
1232 1793 1272 1845 4,
1295 1794 1336 1843 4,
1369 1793 1464 1849 12);
1496 1808 1592 1836 eum
1615 1795 1740 1850 igitur

172 1877 331 1915 tantum
346 1873 508 1927 justum
532 1885 664 1926 posse
679 1872 891 1921 nominari,
918 1872 988 1925 qui
1010 1871 1123 1925 quod
1143 1870 1265 1924 leges
1281 1873 1461 1927 jubeant
1482 1872 1630 1924 faciat3
1663 1873 1739 1914 ita-

173 1961 256 2004 que
276 1945 410 1998 illum,
433 1948 503 2003 qui
525 1947 586 1991 sit.
594 1948 756 2004 justus,
778 1945 945 2003 legibus
968 1952 1012 1990 et
1039 1946 1358 2001 magistratibus
1390 1961 1494 1991 esse
1522 1948 1736 2003 obtempe-

172 2029 351 2074 rantem3
382 2023 606 2066 utilitatem
625 2016 760 2073 vero,
788 2037 899 2079 quae
920 2037 973 2066 ex
988 2024 1158 2080 justitia
1178 2024 1452 2079 percipiatur,
1485 2037 1589 2066 esse
1608 2025 1738 2066 maxi-

171 2114 291 2145 mam.
372 2099 437 2142 Ex
465 2100 706 2143 obedientia
734 2083 842 2142 enim
870 2101 1019 2143 civium
1046 2096 1144 2141 sola
1172 2100 1434 2142 concordiam
1456 2101 1595 2152 nasci,
1627 2114 1739 2155 quae

171 2189 375 2220 summum
403 2177 460 2219 sit
486 2177 637 2218 bonum
658 2176 803 2230 (Mem.
825 2177 866 2226 4,
894 2177 936 2226 4,
961 2175 1049 2228 16).
1112 2176 1178 2217 Ac
1198 2176 1369 2232 justitia
1399 2177 1524 2218 etiam
1548 2161 1737 2219 declara-

170 2259 237 2296 tur
256 2254 464 2303 moribus,
497 2267 605 2308 quos
620 2266 724 2309 prae
745 2266 797 2295 se
811 2254 993 2308 quisque
1009 2253 1113 2306 fert,
1138 2267 1222 2307 qua
1242 2254 1281 2293 in
1303 2266 1350 2294 re
1373 2254 1490 2302 eum,
1522 2253 1602 2303 ait,
1635 2267 1739 2295 esse

170 2330 348 2372 maxima
388 2327 514 2371 laude
556 2329 743 2385 dignum,
795 2330 880 2384 quiv
906 2343 985 2371 non
1028 2327 1164 2371 solum
1204 2329 1243 2370 in
1284 2329 1461 2378 amicos,
1514 2333 1739 2385 antequam

171 2405 375 2448 afficiatur
416 2406 654 2458 beneficiis,
705 2406 911 2447 beneficia
951 2406 1047 2460 ipse
1088 2405 1274 2447 conferat
1308 2405 1440 2459 prior,
1485 2406 1566 2447 sed
1608 2407 1740 2448 etiam

171 2481 360 2531 inimicis,
381 2486 608 2537 antequam
629 2482 803 2537 injurias
819 2481 1022 2537 patiatur,
1044 2481 1335 2523 detrimentum
1358 2480 1509 2524 inferat
1538 2482 1678 2535 (Mem.
1695 2482 1739 2536 2,

169 2555 212 2605 3,
238 2557 331 2610 14);
356 2549 399 2599 id
430 2559 543 2614 quod
564 2560 624 2609 ei,
664 2560 734 2614 qui
756 2572 927 2614 operam
955 2558 1047 2607 det,
1087 2562 1153 2607 ut,
1176 2558 1283 2613 justi
1312 2571 1424 2613 quae
1447 2572 1550 2600 esse
1571 2560 1645 2600 viri
1668 2573 1736 2600 co·

171 2635 382 2688 gnoverit‚
422 2625 576 2684 faciat,
614 2637 792 2677 maximo
823 2647 924 2676 esse
946 2633 1184 2682 commodo,
1216 2634 1477 2685 demonstrat
1514 2634 1662 2687 (Mem.
1691 2635 1737 2684 4,

170 2709 213 2759 4,
240 2707 312 2762 1³7)
320 2723 331 2759 3
352 2714 479 2763 que'm
502 2712 609 2753 enim
637 2712 772 2753 minus
794 2716 825 2753 av
839 2724 885 2752 re
906 2708 1075 2765 publica
1094 2711 1462 2776 punitumffiquem
1482 2712 1641 2766 majore
1661 2710 1735 2752 ho-

171 2799 272 2829 nore
302 2784 497 2829 afl'ectnm
522 2787 571 2828 iri
599 2801 723 2843 quam
750 2786 919 2843 legibus
941 2786 1235 2830 obedientem?
1268 2801 1392 2844 quem
1411 2788 1549 2829 minus
1569 2787 1609 2829 in
1626 2787 1735 2844 judi-

1848 872 1860 935 4
