1860 3064
168 346 193 392 Ι.
220 345 247 389 l.
278 362 319 403 p.
347 345 419 392 26.
457 344 626 402 Spiller.
654 344 681 388 l.
708 344 737 391 l.
765 361 805 401 p.
837 346 934 401 ⁴9).
988 344 1303 390 &Muellerus
1332 346 1547 399 (Orchom.
1570 343 1745 403 puzzo)

162 423 276 467 hanc
302 424 560 465 invasionem
588 421 644 464 ad
665 420 733 466 01.
766 420 870 471 103,
897 424 925 464 4
948 424 1095 467 refert.
1124 420 1391 477 (ct-Hellen.
1427 420 1470 472 7,
1489 422 1540 472 -4,
1572 420 1632 464 12·
1652 419 1744 476 sq.)

166 497 423 554 Xenophon,
443 497 800 554 septuagenarius
836 497 962 541 aliam
997 511 1203 554 quaerere
1238 496 1389 540 sedem
1422 501 1617 547 coactus,
1660 488 1743 545 Le·

165 588 311 629 preum
342 579 389 616 et
417 578 577 630 postea
607 573 848 616 Corinthum
878 589 930 617 se
960 574 1150 617 contulit.
1215 573 1321 616 Fide
1353 574 1461 626 enim
1489 574 1560 615 vix
1589 573 1742 628 dignus

166 650 331 693 videtur
350 650 617 701 Pausanias,
649 660 982 693 commemorans·
997 649 1059 703 (5,
1081 648 1123 699 6,
1143 649 1211 704 4),
1242 648 1375 693 Eleos
1384 665 1397 700 ‚·
1429 655 1477 693 ut
1502 663 1655 693 secure
1672 650 1740 691 vi·

166 731 289 769 veret
311 725 520 769 Scillunte
539 726 802 781 Xenophon,
833 740 993 781 passos
1015 739 1140 774 esse,
1172 739 1264 767 cum
1284 725 1414 768 multo
1428 718 1626 769 rideatur
1645 739 1742 781 pro-

165 801 371 853 babilius,
403 802 649 845 Pausaniae
676 801 758 843 hoc
785 803 1061 857 persuasisse
1088 800 1244 851 Eleos,
1281 813 1390 858 quos
1415 801 1741 857 Xenophontem

165 892 313 921 senem
335 879 390 920 de
404 877 585 933 'praedio
608 876 830 932 depulisse
851 878 1038 933 puderet.
1098 876 1252 919 Paullo
1273 882 1374 933 post
1395 873 1522 922 etiam
1542 858 1741 921 exvaxssio

164 960 391 997 revocatus
420 959 491 996 est
518 952 586 998 01.
619 951 716 1002 102,
739 954 767 995 4
793 953 861 995 vel
894 951 991 1002 103,
1017 953 1038 995 1
1070 954 1143 1007 (cf.
1166 954 1368 998 Schueid.
1393 953 1551 1009 proleg.
1574 951 1630 997 ad
1649 952 1741 999 libr.

164 1031 219 1072 ‹le
247 1035 375 1075 vectt.
405 1044 445 1085 p.
477 1028 562 1072 144
583 1029 650 1074 ed.
673 1030 862 1085 Sauppe.
893 1029 1071 1084 Kriiger.
1093 1028 1119 1074 l.
1142 1028 1167 1075 l.
1189 1044 1229 1085 p.
1248 1028 1349 1084 27),
1368 1035 1371 1038 ’
1388 1043 1515 1085 quam
1538 1029 1740 1072 redeundi

162 1111 425 1162 potestatem
463 1110 615 1148 nactus
653 1105 895 1148 Corinthum
932 1101 1071 1148 tamen
1110 1120 1190 1148 non
1226 1105 1407 1162 amplius
1444 1106 1607 1149 videtur
1643 1104 1742 1149 reli-

164 1184 314 1237 quisse
336 1182 512 1235 (Buckh.
535 1182 695 1226 Oecon.
714 1181 870 1225 Athen.
891 1182 941 1226 ll.
962 1176 1006 1237 p.
1032 1180 1144 1234 144).
1192 1181 1389 1224 Corintho
1408 1187 1528 1224 certo
1549 1186 1738 1225 mortuus

163 1263 233 1301 est
253 1257 395 1312 (Diog.
425 1257 566 1302 Laert.
597 1257 619 1311 ὁ
652 1255 701 1299 11
734 1256 800 1302 ed.
821 1255 1060 1311 Bornem.);
1099 1257 1179 1299 sed
1201 1271 1280 1299 non
1310 1258 1419 1301 satis
1439 1262 1637 1301 accurate
1651 1256 1739 1299 'dici

161 1338 323 1389 potest,
345 1347 428 1387 quo
450 1347 559 1375 anno
581 1333 836 1375 occubuerit.
878 1332 986 1374 Eum
1008 1334 1115 1374 enim
1137 1332 1205 1377 Ol.
1230 1331 1327 1382 105,
1350 1333 1369 1374 1
1394 1338 1599 1376 mortuum
1620 1346 1738 1383 esse,

163 1409 277 1464 quod
306 1409 458 1452 statuit
477 1408 694 1463 Diogenes
716 1407 938 1458 Laertius,
969 1407 1098 1465 plane
1114 1408 1274 1451 falsum
1296 1423 1399 1451 esse
1427 1409 1524 1451 inde
1544 1414 1741 1465 apparet,

164 1484 277 1538 quod
306 1486 401 1539 ipse
422 1485 661 1538 Xenophon
692 1484 749 1534 (h.
778 1497 837 1537 gr.
863 1483 905 1532 6,
934 1484 976 1535 4,
998 1482 1075 1536 36)
1096 1483 1327 1525 Alexandri
1345 1484 1538 1526 ¹Pheraei
1559 1497 1738 1526 comme-

160 1564 296 1602 morat
315 1565 478 1612 necem,
509 1572 620 1614 quae
641 1556 710 1603 01.
736 1555 833 1607 105,
855 1558 885 1600 4
904 1559 1162 1614 assignanda
1189 1559 1355 1602 videtur
1376 1559 1560 1615 (Spiller.
1590 1558 1617 1604 l.
1637 1558 1670 1604 l.
1697 1574 1736 1615 p.

161 1634 231 1679 45.
262 1635 394 1689 Kriig.
423 1634 449 1679 l.
475 1633 502 1678 l.
531 1649 571 1689 p.
598 1632 688 1687 30).
740 1633 1033 1676 Schneiderus
1055 1635 1204 1690 (praef.
1226 1635 1281 1677 ad
1302 1633 1468 1679 Hellen.
1490 1650 1531 1691 p.
1554 1635 1630 1680 lx.
1652 1638 1739 1690 sq.)

162 1711 460 1766 Xenophontis
486 1714 662 1753 mortem
689 1709 746 1752 ad
774 1707 842 1754 01.
874 1708 972 1763 1⁰5,
999 1710 1028 1752 4
1056 1711 1214 1753 referre
1243 1711 1426 1762 videtur,
1457 1725 1597 1768 neque
1624 1710 1742 1755 enim·

160 1792 309 1842 aperte
331 1800 452 1828 suam
472 1786 555 1828 hac
575 1786 629 1827 de
650 1800 697 1827 re
717 1787 936 1841 profitetur
956 1777 1225 1844 sententiam,
1248 1787 1327 1829 sed
1344 1789 1409 1842 (p.
1429 1787 1550 1833 XIX.
1573 1791 1658 1832 not.
1680 1788 1740 1840 e.)

160 1863 269 1905 haec
286 1861 422 1904 solum
439 1862 604 1904 scribit:
636 1862 731 1913 „At
748 1876 847 1903 vero
870 1863 908 1904 si
930 1861 1078 1903 librum
1099 1863 1153 1904 de
1174 1863 1380 1905 reditibus
1401 1867 1505 1916 post
1518 1862 1735 1916 Olympia-

162 1938 292 1985 „dem
315 1935 401 1977 105
422 1937 623 1991 scriptum
644 1937 872 1978 statuimus
893 1940 939 1977 et
960 1937 997 1977 si
1018 1950 1120 1978 vera
1140 1922 1318 1978 Luciani
1334 1937 1514 1992 narratio
1544 1936 1598 1978 de
1614 1936 1738 1981 annia!>

159 2013 310 2062 „vitae
331 2012 653 2066 Xenophontis,
675 2016 762 2054 tum
782 2011 906 2065 longe
926 2013 1059 2067 major
1079 2013 1224 2054 existit
1244 2011 1511 2057 difficultas.“
1558 2012 1737 2055 Luciani

161 2089 199 2129 in
229 2087 457 2130 Macrobiis
487 2089 594 2143 (cap.
621 2086 693 2132 21.
718 2086 767 2132 Τ.
795 2087 864 2132 ΙΙΙ.
892 2102 933 2143 Ρ.
962 2085 1069 2143 223)
1098 2085 1219 2146 locus
1247 2092 1334 2131 est:
1371 2082 1484 2145 ὑπὲρ
1510 2083 1572 2131 τὰ
1593 2084 1736 2145 ἐνενή-

158 2178 295 2211 κοντα
313 2160 494 2220 ἐβίωσεν
514 2160 586 2220 ἔτη
608 2166 686 2216 (sc.
708 2164 978 2219 Xenophon).
1039 2164 1134 2206 Nec
1154 2164 1305 2207 videoe
1326 2164 1508 2219 quidem,
1536 2178 1609 2207 cur
1627 2164 1737 2207 haee

158 2241 267 2282 inter
301 2254 353 2282 se
387 2242 640 2296 conjungere
675 2255 755 2281 non
790 2241 976 2295 potuerit
1010 2240 1310 2284 Schneiderus.
1384 2240 1600 2282 Lucienus
1636 2240 1737 2284 nihil

161 2316 274 2366 dicit,
305 2317 387 2358 nisi
408 2316 735 2371 Xenophontem
756 2314 854 2371 plus
876 2316 1102 2371 nonaginta
1122 2316 1284 2363 vixisse
1305 2330 1459 2367 annos3
1492 2316 1592 2371 quid
1610 2316 1737 2370 igitur

160 2391 375 2445 prohibet,
408 2392 629 2445 quominus
658 2397 915 2441 statuamus,
946 2391 1274 2446 Xenophontem
1300 2392 1524 2446 nonaginta
1546 2397 1591 2434 et
1608 2398 1742 2435 unum·

162 2465 230 2509 vel
258 2465 366 2508 duos
394 2466 601 2509 habuisse
629 2481 782 2517 annos,
822 2481 913 2509 cum
940 2481 1180 2522 supremum
1209 2467 1319 2510 diem
1347 2468 1494 2512 obiret.
1555 2466 1732 2510 Schnei-v

160 2527 413 2596 derus'ipse
441 2541 497 2594 (1.,
520 2541 546 2586 l.
574 2557 614 2597 p.
636 2543 718 2596 X.)
746 2542 1074 2598 Xenophontem
1101 2542 1219 2594 dicit,
1257 2556 1351 2584 cum
1371 2542 1438 2587 Ol.
1460 2542 1532 2591 94,
1553 2541 1584 2585 3
1604 2556 1741 2598 expe-3

160 2619 312 2662 ditioni
333 2618 568 2660 interesset
596 2618 716 2673 Cyri,
750 2619 1028 2674 quadraginta
1055 2624 1100 2662 et
1126 2624 1218 2677 tres
1246 2624 1387 2662 natum
1415 2619 1552 2663 fuisse
1577 2633 1735 2670 annos3

158 2696 303 2749 itaque
324 2708 404 2740 non
427 2692 681 2747 intelligitur,
713 2697 785 2735 cur
804 2693 1132 2750 Xenophontem
1151 2694 1299 2739 librum
1320 2695 1374 2737 de
1395 2695 1600 2739 reditibus
1619 2695 1743 2738 initio>

159 2770 226 2817 Ol.
248 2769 333 2814 106
353 2771 541 2813 scribere
562 2771 758 2825 potuisse
779 2776 907 2827 neget
928 2771 994 2824 (cf.
1013 2771 1211 2816 Schneid.
1225 2770 1336 2827 prol.
1358 2771 1523 2816 adlibr.
1546 2771 1601 2812 de
1620 2773 1730 2813 vect.

158 2861 199 2902 p,
224 2846 309 2890 ¹45
334 2848 398 2892 ed.
423 2847 614 2903 Sauppe.
655 2847 852 2892 Schneid.
881 2848 935 2889 ad
964 2847 1061 2905 Cyr.
1092 2847 1134 2897 8,
1161 2847 1203 2897 8,
1233 2849 1289 2900 4).
1351 2847 1444 2889 Sed
1469 2846 1636 2900 longum
1664 2850 1734 2887 est
