1860 3064
898 188 965 241 38

142 334 210 382 01.
242 333 340 387 106,
360 334 391 379 2
419 334 493 392 (cf.
514 334 702 392 'Sauppe
730 333 756 381 l.
786 334 813 382 l.
844 349 888 393 p.
918 333 1078 378 XLIV.
1104 358 1165 368 —-
1192 334 1440 380 Schneiderss
1468 333 1639 394 proleg.L
1659 335 1715 378 ad

139 412 229 457 libr.
251 412 306 454 de
326 411 446 457 redit.
475 425 515 467 p.
535 409 621 453 145
634 397 924 467 ‘edsSauppe
947 434 1003 442 —-
1024 410 1203 466 Kn‘iger.
1225 415 1411 466 quaestt.
1434 410 1489 453 de
1508 397 1712 461 vit-Xan.

138 502 179 544 p.
199 486 270 533 3⁰.
295 512 349 519 -
369 486 531 533 Bnekh.
555 486 716 532 Oecon.
737 486 894 532 Athen.
915 486 966 532 ll.
992 500 1033 542 p,
1057 484 1153 531 1⁴4.
1185 509 1237 518 —-
1269 484 1469 532 Schneid.
1491 490 1641 532 πηοί..
1656 486 1713 537 ad

140 563 227 610 libr.
243 564 316 606 ⁴de
347 569 456 609 vect.
489 564 533 614 4,
553 562 627 607 25.
659 577 699 618 p.
725 561 820 608 16¹7.
854 563 921 606 ed.
954 553 1170 618 Sauppe),
1203 575 1381 618 cumque
1412 562 1570 616 exiis,
1601 576 1712 618 quae

137 638 313 694 protuli,
360 644 588 695 appareat,
634 638 959 694 Xenophontem
990 644 1090 681 tunc
1128 634 1272 681 fuisse
1294 651 1458 685 summa
1487 642 1712 687 senectute

138 715 397 767 consectum,
414 715 572 756 'mirum
592 728 672 755 non
695 714 882 764 videtur,
913 726 1009 756 eum
1034 714 1155 769 pacis
1177 726 1229 757 se
1248 714 1458 769 praebere
1478 710 1708 764 amantem

137 780 271 833 senes
298 791 407 833 enim
437 788 630 845 plerique
660 803 808 832 omnes
837 788 993 833 bellum
1022 789 1213 834 oderunt.
1273 789 1420 845 Atque
1440 787 1565 843 illud,
1597 789 1710 845 quod

135 867 235 910 dicit
252 865 503 919 wei-skins,
534 865 863 922 Xenophontem
891 870 939 909 ut
965 864 1265 923 philosophum
1287 865 1441 908 decere
1461 865 1582 922 pacis
1603 878 1708 909 esse

133 943 406 986 amantiorem
427 956 553 997 quam
573 941 694 991 belli,
726 942 827 996 quid
855 943 936 984 sibi
962 939 1090 995 velit,
1120 956 1188 984 me
1216 957 1296 983 non
1324 943 1434 984 satis
1461 942 1707 998 perspicere

133 1020 314 1075 ingenue
341 1019 488 1064 fateor.
548 1018 703 1074 Neque
732 1020 840 1061 enim
862 1018 998 1062 fuisse
1019 1018 1347 1075 Xenophontem
1374 1023 1544 1062 constat
1569 1016 1704 1074 philo-

134 1096 315 1150 sophum
337 1109 454 1145 eum,
489 1096 559 1149 qui
580 1094 755 1137 doceret
775 1108 866 1144 res,
889 1109 1063 1150 quarum
1084 1094 1225 1137 nullus
1245 1101 1370 1140 esset
1388 1109 1516 1146 usus3
1549 1100 1707 1138 certum

132 1173 276 1227 potius
314 1176 406 1221 est,
444 1172 581 1214 omnia
617 1175 661 1213 et
695 1165 993 1226 Xenophontis
1035 1176 1080 1213 et
1115 1171 1306 1214 Socratis
1346 1171 1535 1227 magistri
1582 1184 1703 1227 prae·

133 1252 260 1302 cepta
282 1246 419 1288 solum
460 1251 661 1301 spectare
701 1260 845 1299 usum,
896 1247 1223 1303 Xenophontem
1253 1247 1363 1290 adeo
1409 1248 1567 1302 ubique
1613 1247 1703 1289 fere

132 1323 189 1365 ad
218 1324 333 1366 vitae
365 1322 637 1378 quotidianae
680 1337 823 1365 mores
853 1328 898 1365 et
928 1324 1259 1366 consuetudines
1290 1323 1519 1367 deflectere
1550 1322 1703 1368 solere.

129 1398 412 1452 Plane-igitur
432 1398 621 1452 congruit
640 1399 751 1440 vitae
772 1411 922 1452 genus,
954 1398 1068 1453 quod
1089 1396 1184 1440 aliis
1205 1398 1489 1450 commendat,
1520 1412 1613 1440 cum
1632 1412 1701 1444 eo,

130 1474 243 1530 quod
274 1474 412 1532 ipsum
445 1479 639 1517 secutum
671 1488 776 1517 esse
805 1474 997 1518 videmus
1031 1474 1378 1530 Xenophontem,
1410 1476 1482 1530 qui
1510 1476 1564 1517 ab
1593 1489 1700 1517 anno

129 1551 286 1593 aetatis
306 1551 507 1593 vicesimo
528 1564 668 1606 usque
689 1549 745 1592 ad
766 1550 1157 1606 quinquagesimum
1178 1551 1393 1607 stipendia
1421 1552 1480 1594 sit
1505 1551 1700 1604 meritum

130 1641 331 1682 eumque,
376 1632 425 1670 ut
459 1628 520 1670 ita
555 1628 684 1670 vitam
722 1627 986 1677 institueret,
1032 1632 1266 1681 permotum
1307 1642 1412 1670 esse
1453 1632 1699 1683 temporum,

128 1703 283 1758 quibus
304 1703 420 1755 vixit,
450 1703 615 1745 ratione
636 1702 783 1745 habita
804 1703 1009 1744 neminem
1030 1701 1147 1757 fugit.
1200 1702 1249 1745 Si
1273 1704 1380 1745 enim
1401 1704 1441 1745 in
1463 1704 1701 1746 universum

127 1792 211 1820 res-
219 1777 290 1820 illo
311 1783 503 1834 tempore
525 1794 551 1821 a
572 1778 752 1821 Graecis
774 1782 926 1833 gestas
948 1783 1208 1833 spectamus,
1235 1780 1305 1820 vix
1325 1794 1450 1821 unum
1474 1794 1551 1835 per
1571 1785 1702 1823 totam

127 1853 428 1909 Xenophontis
454 1853 584 1897 &itam
611 1852 881 1908 intelligimus
910 1854 1083 1896 inveniri
1111 1869 1284 1909 annum,
1323 1869 1406 1910 quo
1433 1854 1591 1898 bellum
1620 1870 1701 1897 non

128 1943 231 1971 esse
262 1934 432 1984 gestum
462 1930 659 1972 traditum
689 1930 768 1981 sit,
807 1931 946 1984 neque
974 1943 1073 1971 vero
1106 1928 1208 1971 illud
1242 1930 1350 1973 inter
1375 1931 1484 1973 hanc
1517 1936 1562 1974 et
1587 1930 1713 1987 illam·

125 2007 275 2048 urbem
316 1995 471 2059 ortum,
522 2005 604 2048 sed
643 2005 872 2065 vehemens
913 2006 1235 2061 continuumque
1274 2007 1381 2050 inter
1421 2021 1567 2051 omnes
1607 2008 1698 2052 fere

127 2082 337 2125 Graeciae
365 2083 563 2125 civitates
593 2081 841 2131 excitatum3
874 2081 1016 2123 incidit
1043 2081 1153 2123 enim
1180 2082 1220 2123 in
1248 2082 1374 2125 istam
1400 2088 1586 2126 aetatem
1614 2082 1697 2127 cla·

124 2159 333 2202 tissimum
363 2157 467 2201 illud
507 2163 553 2202 et
583 2157 870 2201 tristissimum
902 2158 1078 2212 primum
1116 2158 1223 2201 inter
1256 2157 1623 2203 Lacedaemonios
1655 2167 1700 2204 et

123 2235 439 2285 Athenienses,
472 2239 571 2277 tunc
600 2234 707 2276 inter
735 2232 1102 2276 Lacedaemonios
1120 2239 1175 2277 *et
1204 2235 1434 2278 Thebanos
1462 2241 1700 2280 consertum

126 2312 181 2354 de
221 2326 381 2355 summo
417 2312 590 2367 imperio
633 2315 857 2355 certamen.
918 2309 1047 2352 Nullo
1077 2312 1202 2366 igitur
1240 2314 1408 2368 negotio
1445 2313 1699 2369 intelligitur,

123 2386 319 2429 bellicam
337 2388 476 2443 magni
498 2401 601 2429 esse
623 2387 893 2428 aestimatam
914 2386 1110 2429 virtutem
1132 2401 1184 2429 eo
1210 2393 1422 2445 tempore,
1454 2402 1536 2445 quo
1559 2389 1695 2432 fortis-

124 2464 258 2505 simus
281 2464 461 2519 quisque
481 2461 733 2507 frumentum
755 2463 809 2504 ab
830 2460 927 2504 aliis
957 2467 1096 2506 satum
1118 2464 1354 2509 demeteret
1381 2471 1426 2508 et
1446 2466 1621 2507 arbores
1641 2466 1695 2508 ab

122 2538 219 2582 aliis
246 2540 412 2596 positas
442 2540 665 2590 caederet3
706 2552 788 2593 quo
821 2538 965 2592 (Mem.
994 2538 1045 2593 25
1072 2539 1112 2595 ¹,
1149 2540 1220 2596 12)
1251 2542 1513 2598 potentiores
1544 2542 1695 2598 quovis

121 2622 328 2660 vexarent
365 2617 489 2659 modo
522 2616 762 2668 inferiores,
808 2616 947 2658 donec
978 2629 1057 2659 eos
1098 2619 1179 2660 sibi
1220 2618 1523 2675 subjecissent.
1583 2618 1694 2669 Quis

123 2695 246 2749 igitur
273 2694 467 2754 miretur,
498 2708 524 2736 a.
547 2691 855 2748 Xenophonte,
887 2692 979 2747 qui,
1011 2707 1137 2749 quem
1164 2709 1361 2751 quaeque
1389 2709 1462 2738 res
1490 2696 1696 2752 praebeat

122 2785 266 2822 usum,
299 2772 457 2826 quique
480 2784 534 2814 ex
554 2785 607 2814 ea
628 2772 786 2829 percipi
807 2775 950 2829 possit
971 2773 1152 2822 fructus,
1183 2774 1339 2828 ubique
1369 2786 1492 2828 quam
1508 2770 1691 2827 'diligen-

123 2848 286 2890 tissime
307 2852 498 2903 spectet,
524 2847 812 2893 fortitudinem
834 2836 1012 2893 omnium
1039 2852 1235 2893 virtutum
1262 2849 1465 2904 tanquam
1490 2862 1692 2892 summam
