1860 3064
908 168 943 220 8

132 320 253 372 agat,
306 329 456 359 sanam
484 316 689 359 rationem
719 316 868 357 ducem
896 321 1101 371 sequatur
1130 320 1175 358 et
1202 316 1325 360 animi
1353 317 1610 373 cupiditates
1630 331 1706 360 co-

132 397 291 437 erceat.
353 391 451 443 Qua
479 393 534 435 de
563 406 609 435 re
638 384 931 435 Schneiderus
960 391 1036 446 (ad
1068 392 1196 438 Mem.
1222 391 1265 443 3,
1309 392 1426 447 9,s4)
1454 392 1563 436 haec
1590 392 1708 439 dicitz

133 469 340 512 Socrates
363 471 472 511 enim
488 465 801 527 σωφροσύνης
830 473 875 510 et
903 467 1066 525 σοφίας
1093 467 1232 511 nullos
1253 467 1363 511 alios
1383 469 1584 512 terminos
1604 482 1708 512 esse

130 546 211 596 ait,
242 545 323 586 nisi
353 543 552 597 eosdem,
583 546 736 600 quibus
758 545 937 586 scientia
958 548 1004 586 et
1030 544 1188 587 sactum
1208 545 1523 588 discrixninetur.
1583 545 1706 589 Unde

130 635 210 662 non
230 621 378 663 mirum
399 634 503 664 esse
524 626 692 676 potest,
722 634 859 675 saepe
880 604 1185 677 σωφροσῦνήν
1205 619 1383 663 aliarum,
1396 622 1594 666 virtutum
1614 620 1705 664 loco

129 698 347 752 usurpari,
385 697 571 752 inprimis
603 710 697 739 eam
728 697 985 752 saepissime
1016 710 1109 739 cum
1139 699 1418 753 temperantia
1438 698 1699 749 commutafi;

128 775 274 829 itaque
296 774 504 818 Socrates
526 774 672 828 (Mem.
693 772 736 823 3,
756 773 801 825 9,
821 773 869 827 4)
897 779 1039 828 negat,
1062 769 1154 827 eos,
1176 775 1248 829 qui
1269 775 1370 828 quid
1393 776 1451 817 sit
1470 775 1705 817 faciendum

130 850 340 905 cognitum
360 850 562 899 habeant,
585 849 667 894 sed
688 849 893 891 contraria
914 841 1083 901 faciant,
1105 850 1329 904 sapientes
1350 854 1395 892 et
1418 853 1705 905 temperantes

129 922 389 982 (ἐγκρατεῖς)
421 939 547 977 esse,
593 925 744 968 eodem
774 930 913 968 tamen
943 924 1037 967 loco
1070 926 1140 979 qui
1171 926 1272 980 quid
1301 927 1359 968 sit
1387 927 1539 968 bonum
1570 927 1705 969 animo

128 1007 329 1047 tenentes
350 1001 524 1052 saciant,
556 1002 780 1057 sapientes
802 1006 846 1044 et
873 997 1105 1059 σώφρονες
1132 1002 1402 1048 nominantur.
1469 1002 1705 1057 Propterea

129 1084 175 1121 et
195 1079 358 1119 omnino
388 1079 427 1119 is
458 1074 656 1135 σώφρων
686 1078 939 1126 nominatur,
971 1078 1040 1131 qui
1075 1075 1183 1119 alias
1215 1078 1390 1132 sapiens
1422 1074 1603 1134 (σοφός)
1635 1076 1705 1119 vel

128 1154 317 1209 prudens
339 1150 599 1209 (φρόνιμος)
621 1152 826 1208 appellari
847 1151 962 1195 sole't
983 1152 1128 1205 (Mem.
1148 1153 1191 1202 4,
1212 1151 1255 1202 3,
1277 1153 1337 1207 2),
1375 1157 1422 1195 ut
1448 1154 1506 1195 sit
1532 1153 1592 1202 is,
1631 1153 1703 1207 qui

129 1230 292 1271 omnino
323 1229 422 1285 quid
453 1230 494 1270 in
523 1230 673 1284 quavis
702 1230 816 1271 vitae
846 1229 1084 1271 conditione
1113 1230 1170 1271 sit
1192 1229 1399 1283 agendum
1419 1229 1703 1284 perspexerit,

128 1306 200 1360 qui
221 1319 368 1347 sanam
390 1305 444 1346 de
464 1303 603 1360 frebus
632 1305 887 1347 sententiam
914 1305 1090 1348 habeat.
1150 1304 1295 1346 Facile
1324 1305 1420 1347 inde
1448 1303 1704 1359 intelligitur,

129 1395 245 1434 eum,
283 1381 354 1435 qui
380 1379 555 1435 reliquis
583 1379 668 1422 illis
695 1381 940 1433 virtutibus,
971 1382 1152 1436 pietate,
1193 1381 1386 1437 justitia,
1425 1381 1705 1436 temperantia

128 1458 186 1500 sit
217 1462 411 1506 ornatus,
461 1453 737 1514 σωφροσύνῃ
767 1470 913 1498 carere
946 1471 1027 1498 non
1047 1455 1210 1511 posse,
1251 1457 1322 1497 vix
1358 1442 1406 1498 ut
1436 1456 1517 1497 dici
1547 1457 1701 1511 possit,

127 1537 265 1575 utrum
294 1530 394 1586 ille,
434 1533 504 1587 qui
534 1533 573 1574 in
604 1533 829 1575 virtutibus
859 1531 942 1574 illis
974 1545 1151 1588 operam
1181 1531 1361 1574 collocet
1396 1545 1538 1582 suam,
1577 1537 1703 1575 antea

128 1605 328 1666 σώφρων
348 1622 534 1650 necesse
556 1609 613 1650 sit
633 1609 840 1658 evaserit,
873 1623 924 1649 an
946 1606 1032 1661 ille,
1064 1609 1135 1662 qui
1155 1608 1379 1665 virtutibus
1400 1606 1484 1649 illis
1506 1606 1702 1658 excellat,

127 1689 356 1742 propterea
377 1685 438 1727 sit
457 1680 656 1742 σώφρων
676 1676 963 1730 nominandus.>

244 1761 327 1804 Est
347 1762 456 1804 haec
477 1762 618 1803 brevis
641 1761 870 1816 descriptio
903 1762 1099 1803 virtutum
1129 1759 1310 1810 illarum,
1343 1774 1451 1815 quas
1473 1761 1700 1803 omnishu-

124 1851 276 1880 manae
307 1838 475 1881 virtutis
508 1836 635 1892 quasi
666 1837 859 1880 cardines
891 1851 995 1880 esse
1027 1837 1305 1891 omnibusque
1337 1841 1382 1879 et
1410 1851 1514 1892 prae
1545 1838 1702 1882 ceteris

125 1914 395 1969 appetendas
418 1914 626 1956 Socrates
648 1913 767 1962 dicit,
806 1914 845 1955 si
874 1914 970 1968 quis
997 1911 1296 1968 rempublicam
1325 1926 1559 1969 capessere
1585 1913 1699 1957 velit.

126 1991 194 2034 Ac
225 1995 326 2033 sunt
355 1988 455 2032 illae
475 1994 563 2032 tam
582 1994 700 2032 arcte
721 1989 830 2031 inter
851 2002 902 2031 se
924 2003 1070 2031 omnes
1091 1990 1361 2046 conjunctae,
1393 1990 1463 2032 vix
1493 1994 1540 2032 ut
1570 1990 1701 2031 dirimi

125 2067 316 2122 possint,
349 2079 500 2121 quare,
533 2066 604 2120 qui
635 2063 705 2107 vel
735 2079 859 2107 unam
891 2053 1034 2108 earum
1065 2063 1200 2119 colat,
1231 2080 1286 2109 ex
1318 2080 1371 2109 ea
1400 2066 1576 2110 fructum
1605 2080 1700 2122 per-

127 2144 380 2198 cipere-non
412 2143 574 2198 possit,
605 2143 703 2196 quin
736 2141 909 2196 reliquis
938 2156 1106 2197 quoque
1128 2143 1299 2198 operam
1320 2147 1467 2193 navet3
1509 2143 1701 2197 quivero

127 2220 319 2261 omnibus
340 2219 398 2261 sit
418 2218 661 2273 praeditus,
700 2232 978 2273 quaecunque
1000 2219 1130 2260 virum
1151 2218 1333 2261 deceant
1351 2220 1525 2269 bonum,
1558 2232 1611 2260 ea
1633 2223 1703 2272 est

126 2299 298 2344 nactus3
347 2298 418 2336 est
439 2294 548 2335 enim
569 2292 727 2337 ille-ad
747 2293 1035 2351 imperandum
1065 2294 1265 2346 idoneus3
1307 2294 1421 2351 quod
1451 2294 1522 2350 qui
1551 2298 1599 2337 ut
1628 2294 1702 2338 fiat

125 2372 315 2424 studeat,
346 2384 553 2416 summum
575 2385 669 2413 eum
690 2376 897 2427 appetere
918 2376 1066 2427 aperte
1086 2372 1304 2426 profitetur
1317 2372 1530 2415 'Socrates
1550 2372 1699 2425 (Mem.

124 2445 168 2497 3,
197 2446 239 2497 6,
268 2446 310 2490 ².
342 2447 384 2498 4,
405 2446 448 2497 2,
474 2446 565 2502 11);
609 2446 723 2489 illum
754 2461 853 2490 vero
885 2449 944 2490 ita
975 2447 1163 2490 ostendit
1193 2447 1248 2490 ad
1278 2447 1565 2503 imperandum
1596 2461 1700 2490 esse

125 2524 339 2569 idoneum:
391 2524 594 2579 principis
636 2537 743 2566 sane
784 2537 887 2566 esse
929 2521 1044 2573 aliis,
1097 2537 1207 2578 quae
1248 2524 1425 2573 saciant,
1476 2524 1699 2579 imperare,

126 2612 294 2653 eorum,
342 2600 413 2654 qui
444 2604 664 2654 regantur,
717 2613 993 2655 quaecunque
1018 2601 1204 2656 jusserit
1233 2600 1451 2655 princeps,
1496 2600 1700 2655 perficere

125 2676 283 2733 (Mem.
315 2673 361 2729 3,
390 2675 434 2726 9,
472 2675 567 2729 11);
611 2690 707 2719 eum
736 2676 859 2731 igitur
890 2690 993 2720 esse
1025 2676 1255 2733 principem
1286 2676 1506 2735 optimum,
1538 2677 1623 2732 qui,
1653 2681 1701 2719 ut

127 2752 207 2794 sibi
230 2766 354 2808 quam
374 2754 555 2796 maxime
577 2754 779 2796 obediant
799 2751 844 2798 οἱ
862 2749 1116 2812 ἀρχόμενοι,
1153 2754 1207 2795 iis
1230 2754 1288 2796 sit
1308 2759 1456 2797 auctor
1483 2753 1634 2811 (Mem.
1656 2754 1697 2803 4,

125 2828 168 2879 4,
203 2828 291 2886 15),
339 2842 517 2890 eamque
555 2830 769 2875 civitatem
815 2831 994 2875 maxime
1035 2831 1208 2896 florere,
1252 2831 1374 2888 cujus
1415 2831 1533 2872 cives
1575 2843 1699 2885 quam
