1860 3064
885 113 956 170 40

127 265 432 320 Spartanorum
453 275 568 305 amor
589 265 734 304 tantus
755 262 795 302 in
818 275 869 303 eo
892 261 1027 312 fuisse
1048 248 1233 308 videtur,
1266 265 1419 311 utnon
1442 260 1535 303 sine
1556 260 1710 303 idonea

124 340 290 389 ratione
326 354 352 381 a
388 338 551 380 civibus
586 335 712 379 exilio
741 335 947 379 multatus
984 349 1087 378 csse
1118 335 1322 377 dicendus
1350 336 1428 389 sit,
1465 349 1557 377 cum
1584 333 1709 383 valde

131 415 326 457 dubitare
352 413 510 468 ⁴liceat,
551 427 648 454 num
674 413 839 468 patriae
869 425 1015 454 amans
1043 411 1183 466 possit
1210 411 1408 455 nominari
1436 412 1501 463 is,
1533 411 1603 465 qui
1623 424 1708 464 ma-

131 503 256 544 gnam
276 489 392 531 vitae
413 493 578 543 partem
599 489 638 528 in
660 488 847 530 hostium
875 487 1028 533 castris
1046 490 1253 529 ,versatus
1269 486 1447 528 affirmet
1467 485 1583 541 (Cyr.
1603 485 1647 538 2,
1667 485 1710 536 2,

126 563 226 618 26),
273 564 313 607 in
343 563 552 619 eligendis
591 561 938 620 commilitonibus
975 576 1053 603 non
1092 575 1196 604 esse
1231 562 1505 618 spectandum
1545 567 1593 605 ut
1626 562 1711 605 sint

127 638 384 697 populares,
417 639 498 683 sed
519 644 566 682 ut
586 639 670 681 sint
692 640 799 683 boni.
1378 680 1380 682 ,

251 715 335 760 His
375 729 482 759 sane
524 715 698 758 obstare
742 713 935 757 videntur
966 712 1141 756 consilia
1179 711 1372 759 librorum
1413 713 1711 771 Xenophontis

130 791 391 852 quorundum
424 791 646 853 minorum,
692 791 846 844 quibus
882 789 925 830 id
954 790 1099 843 egisse
1134 789 1318 838 videtur,
1356 795 1403 831 ut
1430 788 1587 844 aliquid
1615 802 1709 837 con-

132 869 263 912 ferret
290 866 346 910 ad
374 864 587 909 civitatem
614 866 793 921 patriam
823 865 1058 920 augendam
1089 870 1133 907 et
1152 864 1476 915 sublevandam,
1508 869 1637 919 atque
1659 878 1712 907 ex

129 945 183 984 iis
211 954 419 997 apparere
449 942 643 995 scriptis,
682 954 807 994 quam
836 940 961 982 fuerit
986 940 1151 994 patriae
1187 954 1333 1005 amans
1355 942 1537 996 ejusque
1557 938 1712 981 salutis

131 1016 357 1061 studiosus
398 1014 469 1068 (cf.
512 1015 701 1071 Sauppe.
743 1012 902 1071 proleg.
944 1014 998 1056 ad
1039 1014 1148 1058 Xen.
1181 1029 1327 1070 opusc.
1357 1014 1473 1071 polit.
1504 1029 1544 1071 p.
1576 1013 1712 1057 XLII.

129 1090 333 1135 XLVIII.
362 1090 522 1134 XLIX.
551 1090 699 1144 Lm).
759 1090 950 1144 Neque,
978 1104 1070 1131 cum
1093 1089 1316 1132 omnesrilli
1338 1089 1508 1146 libelli„
1524 1091 1592 1145 qui
1615 1094 1715 1132 sunt

132 1168 187 1211 de
222 1180 270 1210 re
311 1166 527 1222 equestri,
574 1165 629 1207 de
679 1165 812 1219 officio
853 1167 1042 1220 magistri
1086 1167 1293 1221 equitum,
1341 1166 1395 1208 de
1435 1164 1713 1221 vectigalibus

131 1236 299 1298 scripti,
336 1256 362 1284 a
387 1240 674 1296 Xenophonte
704 1255 809 1283 sene
832 1241 1012 1283 confecti
1035 1254 1138 1283 esse
1164 1241 1385 1296 videantur
1422 1242 1493 1295 (ab
1530 1239 1598 1286 Ol.
1630 1239 1715 1283 103

132 1331 274 1373 usque
305 1316 361 1358 ad
383 1315 451 1360 01.
473 1314 569 1360 106.
593 1316 644 1360 cf.
667 1316 856 1370 Sauppe.
878 1314 919 1359 ll.
942 1315 1022 1368 ll,),
1044 1320 1269 1370 postquam
1292 1331 1383 1357 cum
1406 1330 1457 1358 eo
1478 1318 1519 1358 in
1538 1317 1715 1370 gratiam
1793 1335 1804 1342 *

132 1392 348 1436 redierunt
366 1391 658 1435 Athenienses
687 1404 868 1446 eumque
898 1404 951 1433 ex
973 1389 1097 1433 exilio
1119 1397 1388 1442 revocarunt,
1420 1406 1502 1447 quo
1525 1396 1713 1448 tempore

132 1452 242 1510 filios
284 1481 455 1522 quoque
487 1480 579 1508 cum
619 1466 956 1508 Atheniensibus
987 1467 1043 1508 ad
1083 1480 1263 1521 pugnam
1303 1468 1414 1521 apud
1452 1468 1712 1510 Mantineam

136 1543 403 1586 commissam
431 1542 561 1584 fertur
588 1542 762 1583 misisse
801 1540 885 1594 (Ol.
927 1540 1022 1591 104,
1056 1540 1098 1597 3.
1141 1541 1343 1586 Schneid.
1371 1542 1425 1584 ad
1453 1543 1496 1584 h.
1528 1556 1586 1597 gr.
1609 1541 1651 1592 7,
1672 1541 1715 1592 5,

136 1618 233 1671 18),
286 1631 418 1672 nego,
475 1615 580 1658 talia
612 1630 716 1658 esse
748 1616 923 1658 consilia
954 1616 1115 1658 illorum
1154 1616 1368 1677 librorum,
1421 1599 1595 1659 sed⁵iis
1635 1632 1715 1668 non

134 1693 412 1735 demonstrari
435 1693 601 1747 opinor,
633 1691 961 1746 Xenophontem
990 1697 1088 1734 tunc
1108 1693 1243 1733 minus
1265 1692 1402 1734 fuisse
1422 1692 1710 1735 Lacedaemo-

132 1769 291 1810 niorum
321 1767 579 1818 studiosum,
621 1781 712 1809 cum
741 1767 1033 1810 Athenienses
1062 1765 1131 1808 illo
1161 1772 1370 1823 tempore,
1410 1782 1492 1824 quo
1522 1768 1717 1811 Thebani

134 1849 255 1886 erant
274 1844 429 1886 hostes
450 1843 882 1886 Lacedaemoniorum
905 1842 1135 1898 capitales,
1172 1844 1528 1886 Lacedaemoniis
1560 1849 1712 1887 essent

135 1924 210 1962 aut
237 1917 366 1967 socii,
407 1918 757 1973 quemadmodum
785 1920 824 1959 in
857 1918 930 1961 illa
960 1933 1129 1974 quoque
1157 1934 1298 1975 pugna
1333 1921 1384 1962 iis
1415 1934 1538 1976 opem
1571 1925 1715 1964 contra

141 1994 373 2037 Thebanos
394 1993 598 2044 tulerunt,
631 1999 705 2036 aut
727 1994 957 2036 adversarii
980 1994 1145 2036 minime
1167 1996 1345 2039 timendi.

256 2069 401 2113 Utrum
429 2082 530 2111 vero
560 2069 798 2125 Xenophon
827 2069 1258 2112 Lacedaemoniorum
1279 2070 1464 2112 studium
1484 2084 1560 2125 per
1582 2076 1713 2114 totam

132 2146 261 2187 vitam
290 2146 529 2187 servaverit
556 2159 709 2196 necne,
751 2145 804 2186 de
826 2145 906 2186 hoc
928 2145 1049 2186 nobis
1065 2145 1337 2201 judicandum
1359 2159 1516 2187 censeo
1538 2147 1716 2189 maxime

133 2234 187 2263 ex
213 2221 288 2271 iis,
327 2235 438 2275 quae
467 2222 506 2262 in
537 2221 745 2264 historiae
781 2235 963 2276 graecae
992 2220 1109 2263 libris
1137 2221 1292 2264 tradita
1324 2227 1444 2272 sunt,
1483 2237 1575 2264 cum
1603 2221 1717 2265 illius

132 2296 337 2337 historiae
387 2294 518 2337 libros
565 2301 809 2351 postremos
858 2311 884 2339 a
932 2296 1219 2352 Xenophonte
1264 2298 1380 2339 brevi
1429 2302 1528 2340 ante
1576 2299 1715 2354 ipsius

133 2375 308 2411 mortem
336 2371 390 2412 ad
419 2371 541 2412 finem
559 2385 663 2422 esse
684 2372 916 2425 perductos
938 2371 1007 2412 vel
1029 2385 1081 2413 eo
1103 2378 1332 2427 appareat,
1364 2373 1477 2427 quod
1498 2374 1537 2413 in
1559 2374 1613 2414 iis
1638 2387 1708 2415 res

132 2457 274 2500 usque
305 2444 359 2486 ad
389 2443 456 2490 01.
488 2443 586 2497 105,
616 2446 643 2487 4
669 2451 820 2502 gestas
847 2452 989 2490 narrat
1009 2446 1200 2503 (Spiller.
1229 2447 1254 2493 Ι.
1277 2446 1303 2493 l.
1326 2463 1366 2503 p.
1384 2447 1471 2502 42).
1534 2448 1712 2492 Omnino
1733 2473 1749 2487 ο

128 2525 273 2562 autem
296 2519 351 2561 de
373 2519 443 2560 illo
468 2534 612 2576 opere,
633 2523 671 2563 si
692 2521 990 2578 Xenophontis
1014 2536 1115 2578 erga
1135 2523 1501 2566 Lacedaemonios
1523 2524 1709 2568 studium

130 2596 406 2651 respicimus,
451 2593 579 2652 plane
621 2596 703 2640 alio
740 2598 900 2655 judicio
942 2599 1106 2642 videtur
1138 2613 1241 2642 esse
1272 2599 1472 2642 utendum
1503 2614 1628 2656 quam
1660 2601 1715 2643 de

130 2670 307 2725 reliquis
341 2672 438 2727 ejus
469 2669 607 2723 libris3
659 2663 791 2728 atque
819 2664 880 2715 ad
906 2688 979 2724 ea,
1032 2688 1142 2729 quae
1173 2675 1229 2716 ad
1259 2675 1368 2716 hanc
1406 2680 1593 2718 nostram
1622 2688 1710 2717 rem

126 2746 375 2802 pertinentia
433 2746 472 2787 in
527 2746 731 2790 historiae
768 2763 959 2804 vgraecae
1007 2748 1125 2792 libris
1174 2750 1452 2800 inveniantur,
1504 2750 1708 2807 judicium
