1860 3064
885 130 953 181 25

127 278 168 319 in
208 291 309 332 agro
350 276 564 319 habebant
604 275 823 332 Spartani,
874 277 1058 332 aperiret
1099 280 1144 320 et
1174 275 1408 333 depromtis
1450 275 1505 318 ad
1546 276 1699 319 victum

129 339 387 396 necessariis
415 366 494 394 suo
523 365 668 395 rursus
697 353 941 407 obsignaret
963 350 1138 404 annulo;
1176 353 1329 396 deinde
1357 352 1472 407 quod
1494 352 1698 394 Socrates

129 428 311 486 docebat
338 428 483 481 (Mem.
513 428 555 477 4,
582 428 625 479 4,
646 426 747 481 23),
786 430 878 472 seni
907 443 986 471 non
1010 442 1113 471 esse
1133 429 1316 485 puellam
1338 430 1377 470 in
1398 429 1698 472 matrimonium

128 503 327 555 dandam,
355 504 513 559 quippe
532 517 706 559 quorum
726 502 844 547 liberi
864 519 1010 560 parum
1037 506 1201 548 robusti
1222 503 1411 547 solerent
1431 518 1557 554 esse,
1584 504 1697 547 idem

130 580 245 635 apud
283 580 650 622 Lacedaemonios
686 581 970 633 constitutumv
989 582 1129 625 fuisse
1171 579 1371 635 legimus,
1428 585 1475 622 ut
1521 594 1696 624 uxorem

128 657 308 711 quisque
336 656 376 697 in
403 656 498 711 ipso
530 657 685 699 aetatis
719 657 821 698 flore
842 656 1017 699 duceret
1042 659 1093 713 (r.
1114 657 1167 701 L.
1192 655 1230 706 l,
1264 655 1325 709 6).
1387 654 1549 699 Collato
1571 657 1696 711 igitur

127 730 241 782 loco,
273 732 343 787 qui
366 736 436 774 est
455 746 486 776 r.
507 731 559 773 L.
592 729 659 781 10,
682 731 733 780 4,
765 732 836 772 ubi
856 731 1083 786 Lycurgus
1104 731 1252 773 dicitur
1273 731 1447 783 fecisse,
1468 736 1516 773 ut
1536 745 1695 782 omnes,

128 808 198 862 qui
225 805 392 862 legibus
421 807 717 860 convenienter
744 807 951 855 viverent,
990 808 1147 862 pariter
1178 806 1435 862 reipublicae
1464 808 1694 862 participes

128 886 320 932 essent‚=
337 882 425 925 veri
445 896 524 923 non
547 879 752 924 dissimile
778 881 944 924 videtur
971 896 996 924 a
1014 882 1192 925 Socrate
1215 882 1411 938 Spartam
1431 883 1696 938 potissimum

127 959 289 1000 nomine
316 954 648 1016 ἀριστοκρατίας
675 958 898 1011 significari
927 959 1074 1010 (Mem.
1102 959 1145 1008 4,
1167 958 1209 1010 6,
1240 957 1333 1011 12),
1373 960 1442 1013 qui
1467 959 1578 1000 idem
1600 972 1695 1000 eam

126 1032 443 1089 rempublicam,
483 1034 605 1089 cujus
637 1034 912 1087 magistratus
934 1039 1126 1077 creentur
1147 1048 1202 1076 ex
1221 1035 1295 1084 iis,
1318 1034 1389 1088 qui
1410 1032 1577 1088 legibus
1599 1048 1694 1076 con-

127 1111 343 1153 venienter
369 1110 533 1163 vivant,
573 1122 676 1151 esse
706 1104 1040 1166 ἀριστοκρατίαν
1061 1109 1306 1160 contendat;
1337 1110 1482 1164 itaque
1507 1123 1600 1150 cum
1621 1108 1691 1151 illo

124 1185 216 1227 loco
235 1181 587 1242 ,ἀριστοκρατίαν
611 1199 712 1237 non,
750 1189 796 1227 ut
822 1185 910 1227 fieri
938 1184 1071 1236 solet,
1104 1186 1383 1240 optimatium,
1415 1186 1496 1228 sed
1516 1188 1691 1241 optimo·

123 1274 220 1302 rum
239 1274 409 1316 regnum
437 1260 634 1303 nominari
661 1251 889 1316 appareat,
925 1260 1138 1310 videmus,
1178 1262 1337 1316 quanta
1364 1273 1415 1303 eo
1443 1259 1538 1304 laus
1564 1276 1591 1304 a
1612 1262 1692 1305 So-

124 1342 240 1380 crate
260 1338 464 1379 tribuatur
484 1334 740 1392 reipublicae
760 1336 1200 1380 Lacedaemoniorum.

171 1440 174 1442 >
241 1413 374 1455 Satis·
392 1417 462 1455 est
491 1413 641 1468 paucis
671 1411 1013 1466 demonstrasse,
1062 1413 1230 1455 Socrati
1262 1426 1451 1468 quoque,
1491 1414 1691 1468 quemad-

122 1488 289 1530 modum
318 1489 510 1530 omnibus
542 1488 632 1530 fere
670 1487 958 1543 philosophis,
1010 1490 1080 1543 qui
1118 1488 1172 1530 de
1208 1480 1578 1543 praestantissima
1613 1491 1691 1532 rei-

123 1563 322 1620 publicae
351 1563 482 1606 sorma
511 1564 834 1618 quaesiverunt,
867 1564 1167 1619 Spartanorum
1198 1563 1319 1619 leges
1351 1568 1397 1607 et
1425 1565 1619 1607 instituta
1640 1580 1693 1608 ea

123 1642 217 1683 visa
248 1654 372 1690 esse,
425 1653 557 1694 quae,
608 1640 772 1682 etiamsi
809 1654 888 1681 non
926 1639 1053 1695 plane
1083 1640 1299 1695 probanda
1329 1645 1502 1692 essent,
1552 1646 1692 1684 tamen

121 1717 307 1772 proxime
344 1717 552 1758 abessent
587 1717 642 1757 ab
682 1716 865 1770 optimae
904 1714 1014 1757 illius
1052 1715 1311 1770 reipublicae
1348 1717 1519 1770 specie,
1565 1732 1692 1772 quam

122 1790 257 1836 animo
279 1792 362 1834 sibi
383 1792 599 1842 finxisset3
631 1804 770 1846 neque
794 1796 865 1833 est
885 1792 999 1847 quod
1019 1792 1279 1841 dubitemus,
1312 1792 1410 1847 quin
1435 1792 1517 1834 hoc
1538 1792 1689 1836 Socra·

121 1870 177 1912 tis
201 1869 403 1926 judicium
433 1881 625 1922 magnam
653 1868 847 1910 habuerit
876 1868 958 1909 vim
987 1868 1041 1910 ad
1069 1867 1368 1924 Xenophontis
1389 1868 1444 1911 de
1464 1869 1593 1911 rebus
1614 1884 1688 1925 pu·

119 1943 241 1989 blicis
272 1945 540 1989 sententiam.
621 1943 713 1986 Sed
741 1948 968 1999 praeterea
998 1958 1167 2000 quoque
1198 1944 1319 1986 nobis
1349 1945 1510 1987 ratione
1541 1945 1688 1988 habita

120 2021 250 2064 totius
273 2022 386 2064 vitae
406 2018 706 2076 Xenophontis
726 2019 856 2063 multa
878 2026 1118 2071 accurrunt,
1150 2035 1260 2075 quae
1289 2022 1346 2063 ad
1374 2022 1472 2077 ejus
1493 2022 1532 2062 in
1554 2022 1686 2065 Lace-

120 2097 363 2139 daemonios
401 2096 588 2140 studium
625 2096 859 2151 augendum
896 2097 1034 2151 magni
1067 2096 1204 2139 fuisse
1239 2098 1435 2140 momenti
1465 2097 1563 2139 mihi
1593 2111 1687 2152 per-

120 2186 296 2216 suasum
315 2173 468 2215 habeo.
509 2171 613 2213 Cum
633 2185 735 2214 vero
753 2172 808 2214 de
829 2173 901 2222 iis,
933 2186 1044 2226 quae
1066 2172 1120 2214 de
1141 2172 1439 2227 Xenophontis
1459 2173 1546 2215 vita
1567 2174 1688 2215 nobis

119 2253 217 2291 nota
238 2253 358 2298 sunt,
389 2246 458 2290 alii
479 2246 600 2291 aliter
620 2248 826 2298 sentiant,
868 2253 1093 2302 antequam
1114 2247 1312 2290 accedam
1336 2248 1392 2289 ad
1413 2248 1688 2303 explicandas

118 2325 273 2368 ceteris
289 2323 417 2368 studii
426 2323 725 2379 Xenophontis
744 2323 1153 2367 inLacedaemonios
1170 2337 1366 2374 caussas,
1389 2324 1428 2365 in
1446 2324 1688 2367 universum

117 2402 302 2446 breviter
309 2401 517 2457 quaedam
527 2401 581 2443 de
589 2400 886 2456 Xenophontis
903 2402 990 2444 vita
1004 2402 1282 2456 praemittam,
1297 2402 1335 2442 in
1349 2415 1438 2459 ⁸“qua
1454 2403 1689 2445 enarranda

117 2477 250 2521 multa
272 2478 526 2535 conjecturis
547 2482 708 2520 tantum
729 2478 802 2520 niti
830 2476 952 2521 facile
974 2478 1071 2519 mihi
1093 2478 1274 2532 quisque
1297 2464 1516 2524 concedet.

187 2561 189 2564 ⁴
232 2554 470 2608 Xenophon
492 2559 617 2596 natus
638 2559 709 2596 est
730 2554 925 2596 Athenis.
986 2554 1140 2607 Neque
1160 2567 1261 2595 vero
1283 2555 1394 2596 satis
1417 2555 1543 2597 firmis
1564 2561 1680 2598 vete-

115 2642 205 2671 rum
224 2629 751 2684 scriptorumvtestimoniis
772 2634 962 2681 constat,
995 2643 1076 2684 quo
1098 2629 1227 2674 fuerit
1254 2644 1363 2672 anno
1392 2635 1518 2673 natus
1547 2644 1685 2685 neque

115 2704 219 2748 certi
248 2704 406 2759 aliquid
432 2705 485 2747 de
503 2707 599 2761 ejus
621 2710 743 2760 patre
765 2711 810 2749 et
825 2705 981 2749 familia
1007 2706 1128 2759 nobis
1151 2706 1347 2749 traditum
1371 2712 1453 2757 est,
1476 2708 1554 2749 nisi
1572 2708 1684 2761 quod

114 2781 291 2837 scimus,
322 2784 484 2837 patrem
512 2793 616 2824 esse
646 2779 837 2837 Gryllum
858 2782 1109 2825 nominatum
1131 2786 1177 2826 et
1197 2782 1324 2827 demo
1345 2782 1524 2826 Erchieo
1546 2781 1684 2827 fuisse
