1860 3064
888 97 957 150 43

146 246 202 289 ad
227 249 396 289 sexum
419 242 541 287 solas
561 241 661 288 fere
688 256 759 286 res
780 243 1209 287 Lacedaemoniorum
1235 258 1423 295 narrare3
1455 248 1501 287 et
1525 245 1709 299 inprimis

145 335 241 366 eum
262 319 463 366 delectari
490 319 696 364 cemimus
718 321 1087 364 commemorandis
1107 322 1235 364 rebus
1256 322 1310 365 ab
1330 319 1537 376 Agesilao
1559 322 1711 376 gestis,

145 410 326 453 eumque
361 395 645 440 libentissime,
674 395 730 438 ad
765 396 892 453 hujus
927 397 1002 438 viri
1038 397 1197 451 digredi
1231 411 1371 439 mores
1404 397 1710 440 describendos

141 473 204 527 (h.
219 487 284 527 gr.
304 470 348 522 5,
367 472 415 524 4,
434 471 494 514 25
514 485 609 527 sqq.
646 471 689 524 4,
713 470 751 522 i,
771 470 830 516 2⁰
850 486 944 527 sqq.
985 471 1029 522 3,
1050 473 1091 522 4,
1119 472 1184 517 11.
1228 473 1270 523 4,
1296 473 1333 525 1,
1355 473 1383 516 4
1406 487 1501 528 sqq.
1538 473 1581 524 4,
1603 471 1646 523 5,
1667 472 1709 515 4.

143 548 184 594 8.
216 547 313 600 18);
345 548 614 602 quamobrem
640 548 898 591 Niebuhrius
925 549 1005 590 boc
1034 547 1195 591 vinculo
1223 549 1283 591 ait
1308 554 1549 603 postremos
1575 549 1706 591 histo-

143 625 232 666 riae
249 637 433 678 graecae
453 622 582 666 libros
602 624 700 666 inde
721 639 747 666 a
767 625 890 666 tertio
911 638 1015 666 esse
1036 626 1296 680 conjunctos,
1323 625 1435 678 quod
1456 639 1527 666 res
1548 639 1708 673 omnes,

144 713 256 755 quae
276 704 504 749 narrentur,
535 699 589 742 ad
609 697 861 754 Agesilaum
882 701 968 742 sint
991 699 1260 749 referendae,
1292 705 1339 742 ut
1359 700 1536 743 historia
1555 713 1709 754 graeca

143 775 310 829 proprie
344 775 402 816 sit
428 775 609 817 historia
632 788 769 816 rerum
796 776 849 816 ab
878 773 1084 828 Agesilao
1112 779 1347 828 gestarum,
1380 790 1464 829 qua
1490 775 1709 817 Niebuhrii

142 850 369 899 sententia,
401 850 483 893 etsi
505 864 583 892 non
606 849 769 892 videtur
790 850 1020 906 probanda,
1053 854 1168 893 certe
1190 849 1511 903 demonstratur,
1537 849 1708 893 multum

143 939 247 967 esse
273 925 600 980 Xenophontem
626 927 666 968 in
696 927 826 968 rebus
853 924 1046 980 Agesilai
1074 926 1310 975 narrandis,
1350 939 1442 967 cum
1469 927 1521 967 iis
1549 931 1708 968 tantum

142 1015 219 1058 per
238 1000 386 1044 librum
406 1002 586 1052 tertium,
618 1007 823 1056 quartum,
854 1003 1039 1057 quintum
1060 1007 1292 1057 occupatus
1314 1003 1382 1046 sit.

258 1077 443 1131 Reliqua
464 1082 534 1119 est
553 1079 771 1132 quaestio,
802 1091 897 1119 num
918 1082 1035 1119 recte
1057 1078 1137 1118 dici
1157 1079 1298 1132 possit
1316 1077 1554 1132 Xenophon
1574 1081 1707 1119 muta-

142 1153 260 1195 visse
289 1153 542 1194 senteutiam
562 1153 617 1194 de
638 1153 877 1208 Spartanis,
908 1154 963 1194 ad
984 1167 1092 1207 quos
1113 1166 1207 1194 eum
1235 1166 1338 1194 esse
1352 1155 1553 1208 juvenem
1574 1153 1706 1194 addu-

142 1234 253 1272 ctum
272 1228 449 1273 affirmat
466 1228 670 1278 Haasius,
702 1233 945 1284 sperantem
964 1228 1053 1270 fore
1074 1234 1121 1271 ut
1142 1228 1371 1283 perfectam
1393 1229 1576 1271 civitatis
1597 1228 1707 1270 bene

141 1306 358 1347 institutae
379 1306 582 1359 speciem,
613 1303 779 1359 qualem
800 1306 880 1347 sibi
902 1318 927 1347 e
949 1305 1140 1347 Socratis
1162 1306 1403 1360 praeceptis
1424 1305 1707 1353 informasset,

141 1381 235 1423 suis
261 1378 395 1422 oculis
423 1379 684 1435 adspiceret,
729 1381 810 1422 sed
838 1394 933 1422 eum
967 1379 1040 1423 illa
1067 1394 1167 1435 spe,
1212 1394 1304 1421 cum
1330 1380 1400 1421 diu
1428 1380 1610 1435 Spartae
1638 1384 1709 1422 aut

140 1471 273 1512 prope
295 1457 492 1511 Spartam
512 1457 686 1506 viveret,
709 1470 813 1499 esse
834 1457 1065 1513 dejectum3
1098 1462 1142 1499 et
1161 1457 1287 1513 hujus
1308 1458 1368 1499 rei
1391 1461 1562 1499 exstare
1584 1456 1704 1498 testi-

141 1534 278 1575 monia
298 1538 342 1575 et
361 1533 400 1574 in
423 1531 593 1590 epilogo
615 1534 726 1587 (cap.
748 1530 871 1585 XV.)
892 1531 1021 1574 libelli
1042 1533 1096 1574 de
1117 1532 1333 1588 republica
1348 1532 1704 1575 Lacedaemonio-

143 1621 246 1651 rum·
268 1613 315 1651 et
342 1609 382 1649 in
412 1608 588 1650 historia
619 1621 797 1662 graeca,
835 1622 928 1651 cum
958 1609 996 1649 in
1029 1609 1155 1664 hujus
1187 1609 1328 1663 operis
1366 1608 1470 1649 libro
1509 1613 1631 1650 sexto
1664 1613 1707 1649 et

142 1685 323 1740 septimo
344 1683 469 1739 longe
490 1682 600 1725 alius
622 1684 679 1725 sit
700 1684 859 1725 autoris
887 1685 925 1725 in
949 1684 1185 1738 Spartanos
1207 1685 1390 1735 animus,
1422 1698 1501 1725 non
1523 1682 1594 1724 ille
1616 1683 1702 1737 qui-

142 1761 236 1803 dem
266 1759 391 1815 plane
423 1757 687 1801 abalienatus
717 1763 792 1800 aut
820 1764 967 1813 aperte
998 1760 1205 1809 inimicus,
1245 1760 1325 1800 sed
1356 1760 1425 1813 qui
1456 1764 1596 1801 tamen
1628 1772 1705 1800 eos

141 1850 220 1877 non
241 1849 348 1877 unos
371 1835 550 1876 omnium
568 1834 746 1876 maxime
767 1833 893 1877 laude
914 1834 1063 1889 dignos
1085 1839 1282 1883 censeat,
1324 1839 1368 1876 et
1399 1847 1491 1875 eam
1523 1835 1576 1876 ob
1607 1848 1703 1876 cau-

140 1925 233 1955 sam
260 1912 299 1952 in
328 1909 412 1953 illis
438 1909 555 1952 libris
583 1908 756 1952 aliorum
787 1924 955 1966 queque
985 1925 1056 1953 res
1087 1909 1216 1953 multo
1248 1910 1491 1965 diligentius
1522 1912 1704 1953 enarrari

141 1993 205 2042 et,
246 1987 356 2043 quod
396 1987 580 2042 inprimis
617 1987 676 2029 sit
704 1986 995 2039 memorabile,
1036 1986 1186 2030 laudes
1224 1988 1350 2030 etiam
1382 1987 1538 2030 ceteris
1570 1988 1705 2036 tribui,

141 2064 273 2106 veluti
292 2062 520 2117 aliquoties
541 2063 886 2106 Atheniensibus,
929 2063 987 2104 Ut
1009 2064 1093 2103 viro
1115 2063 1264 2114 docto,
1297 2064 1418 2117 cujus
1439 2063 1574 2115 magni
1596 2062 1704 2103 facio
1733 2115 1738 2118 μ

134 2140 355 2197 judicium,
377 2137 616 2188 concedam,
637 2138 696 2180 ita
716 2143 831 2180 recte
852 2138 981 2180 statui
1002 2137 1056 2179 de
1078 2136 1243 2192 epilogo
1266 2136 1394 2179 libelli
1415 2137 1469 2179 de
1490 2136 1706 2192 republica

140 2214 569 2257 Lacedaemoniorum
598 2214 765 2267 scripti,
798 2219 935 2255 tamen
965 2227 1044 2254 non
1065 2211 1190 2267 plane
1212 2213 1363 2254 eadem
1391 2214 1528 2254 sentio
1557 2212 1612 2254 de
1640 2213 1703 2253 hi-

141 2291 272 2334 storia
288 2303 452 2345 graeca.
473 2287 662 2331 Eandem
678 2288 766 2331 fere
782 2292 911 2344 atque
927 2287 1115 2330 Haasius
1131 2286 1352 2344 amplexus
1367 2293 1436 2330 est
1449 2288 1705 2330 sententiam

143 2365 353 2422 Spillerus
384 2364 475 2417 (1.1.
497 2379 535 2419 p.
557 2363 628 2409 33.
653 2365 755 2418 sq.),
788 2366 858 2419 qui
888 2364 943 2405 ad
971 2378 1064 2406 eam
1093 2364 1408 2408 confirmandam
1435 2362 1556 2406 locos
1577 2378 1703 2418 quos-

140 2442 236 2484 dam
254 2441 457 2484 historiae
478 2454 658 2496 graecae
678 2441 917 2496 proposuit,
949 2440 1102 2495 quibus
1124 2445 1196 2482 aut
1223 2438 1446 2483 laudentur
1474 2440 1702 2483 Athenien·

142 2531 219 2559 ses
253 2521 329 2558 aut
362 2517 720 2571 reprehendantur
753 2516 964 2571 Spartani.
1023 2516 1082 2558 Ut
1116 2517 1169 2558 ab
1206 2515 1308 2567 illis,
1355 2517 1510 2569 quibus
1545 2515 1703 2558 laudari

140 2592 241 2635 dicit
259 2589 573 2645 Athenienses,
602 2592 815 2647 incipiam,
847 2605 925 2634 eos
953 2605 978 2634 e
1005 2605 1100 2634 mea
1128 2592 1319 2647 opinione
1341 2605 1420 2635 non
1449 2592 1585 2646 magni
1606 2604 1705 2634 esse

142 2668 339 2711 momenti
366 2667 524 2719 fateor;
555 2666 704 2711 attulit
721 2666 931 2723 Spillerus
950 2668 991 2710 h.
1014 2682 1072 2722 gr.
1094 2666 1136 2717 7,
1158 2666 1201 2719 5,
1226 2666 1291 2709 16.
1336 2667 1377 2717 4,
1407 2666 1449 2720 8,
1469 2666 1527 2709 25
1547 2680 1639 2720 sqq.
1661 2665 1704 2717 6,

139 2742 183 2797 2,
202 2741 261 2787 2⁸7
281 2756 347 2798 sq.
415 2743 555 2785 Primo
585 2742 730 2785 horum
759 2741 943 2786 locorum
972 2742 1168 2786 laudibus
1199 2741 1396 2786 cumulari
1425 2742 1521 2784 dicit
1540 2741 1703 2784 fortitu·
