1860 3064
900 175 965 228 10

140 321 332 364 omnibus
360 322 533 377 scriptis
562 322 654 363 suis
682 322 877 365 Socratis
906 325 1139 378 praecepta
1167 318 1369 366 secutum
1396 333 1521 376 esse,
1560 318 1718 377 aliquid

140 395 315 451 allatum
334 398 384 439 iri
404 396 512 440 lucis
533 398 748 443 confidam.

257 474 440 529 Insignis
470 474 595 528 igitur
627 478 697 517 est
726 473 826 529 Cyri
857 474 999 529 pietas
1031 486 1134 528 erga
1165 473 1293 525 deos,
1332 487 1458 529 quam
1486 472 1718 530 profectam

146 562 251 592 esse
273 563 327 591 ex
347 550 433 602 iis,
461 563 573 603 quae
596 563 691 591 eum
713 550 840 592 docet
861 549 1083 604 Cyaxares
1104 554 1245 604 pater,
1265 549 1390 592 facile
1410 554 1481 592 est
1500 547 1718 592 intellectu

142 625 259 683 (Cyr.
284 624 323 678 1,
344 624 388 677 6,
409 624 553 675 2,--6.
575 625 803 680 44-46);
827 631 872 668 et
892 624 964 667 illa
985 624 1112 685 plane
1134 637 1364 679 congruere
1385 640 1478 667 cum
1498 626 1569 680 iis,
1609 638 1721 681 quae

142 702 349 744 Socrates
369 701 550 756 profert,
583 702 754 755 cuique,
795 702 866 756 qui
894 714 1053 757 operae
1082 713 1185 742 esse
1214 702 1394 755 pretium
1422 706 1621 751 censeat,
1659 702 1717 743 vi-

141 778 243 819 dere
270 776 373 820 licet
402 775 569 819 collatis
598 776 701 819 locis
730 777 859 821 Mem.
885 775 923 826 1,
949 775 988 826 1,
1012 775 1082 817 19.
1116 775 1221 829 1,.4,
1245 775 1312 818 18.
1342 775 1381 826 1,
1403 775 1446 829 3,
1466 774 1507 818 3.
1534 777 1576 829 4,
1596 774 1639 826 3,
1665 774 1720 818 1⁰

144 867 263 908 sqq.;
313 852 465 894 eadem
487 852 576 894 fere
598 850 668 893 filii
690 857 738 894 ut
759 853 915 895 saciant
937 852 1075 907 Cyrus
1102 852 1284 893 moriens
1311 851 1559 894 adhortatur
1598 851 1719 907 (Cyr‚

142 928 183 976 8,
204 926 247 980 7,
268 928 360 981 22).
423 929 603 982 Semper
625 941 725 981 ergo
747 928 904 982 Cyrum
925 926 1196 980 intelligimus
1227 928 1335 969 deos
1356 928 1492 970 sacris
1514 926 1655 970 colere
1676 932 1723 969 et

142 1016 423 1058 quaecunque
440 1003 629 1045 facturus
652 1003 709 1045 sit
725 1017 750 1045 a
768 1002 850 1044 diis
871 1004 1056 1057 incipere
1078 1001 1190 1057 (Cyr.
1215 1001 1254 1052 1,
1273 1001 1317 1052 5,
1339 1001 1379 1047 6.
1414 1002 1481 1047 14.
1513 1002 1557 1049 2.
1578 1002 1622 1052 4,
1647 1001 1714 1047 18.

142 1080 185 1129 4,
207 1078 250 1128 2,
276 1077 344 1120 12.
376 1077 417 1128 6,
438 1077 483 1131 2,
504 1076 576 1121 40.
608 1077 649 1128 6,
673 1079 717 1130 4,
739 1076 810 1122 31.
848 1077 891 1128 7,
917 1076 955 1127 1,
981 1077 1019 1119 1.
1049 1076 1092 1127 7,
1114 1076 1157 1127 5,
1186 1076 1259 1125 32.
1297 1076 1403 1130 57);
1448 1092 1544 1120 eum
1565 1079 1720 1134 jubere

141 1168 291 1210 magos
313 1154 367 1197 de
395 1153 557 1209 praeda
583 1154 758 1209 primum
784 1152 857 1195 illa
888 1153 1068 1209 eligere,
1101 1166 1212 1208 quae
1241 1153 1322 1195 diis
1349 1142 1581 1197 voveantur
1603 1153 1719 1210 (Cyr.

141 1231 184 1282 7,
215 1229 259 1281 3,
294 1230 332 1274 1.
375 1230 416 1280 7,
447 1229 489 1280 5,
521 1228 591 1275 35.
633 1230 674 1279 8,
706 1228 748 1282 3,
777 1229 878 1283 11);
938 1231 1203 1284 auguriorum
1245 1244 1340 1272 eum
1381 1244 1521 1272 curam
1541 1230 1720 1278 „habere

144 1306 272 1361 (Cyr.
292 1306 336 1355 2,
358 1305 401 1359 4,
426 1305 492 1350 19.
523 1305 566 1355 2,
592 1304 630 1357 1,
655 1304 693 1346 1.
725 1303 767 1352 3,
789 1303 833 1356 3,
854 1304 936 1358 22)
968 1310 1014 1347 et
1034 1303 1208 1347 aliorum
1230 1305 1510 1360 prodigiorum
1541 1304 1658 1360 (Cyr.
1683 1304 1722 1354 1,

140 1382 182 1432 6,
217 1381 256 1423 1.
296 1381 338 1431 7,
374 1380 412 1432 1,
435 1380 497 1434 ,3)
539 1386 584 1422 et
613 1381 865 1422 somniorum
897 1380 1015 1435 (Cyr.
1044 1380 1087 1430 8,
1115 1380 1158 1432 7,
1186 1380 1228 1421 2.
1259 1380 1313 1422 21
1320 1387 1358 1432 );
1411 1395 1582 1435 operam
1620 1372 1722 1422 dare

142 1470 259 1507 eum,
307 1461 354 1499 ut
385 1457 455 1511 qui
486 1457 525 1498 in
557 1470 697 1512 pugna
729 1455 977 1508 ceciderint,
1019 1453 1281 1511 sepeliantur
1320 1454 1438 1511 (Cyr.
1469 1455 1512 1509 5,
1543 1456 1586 1509 4,
1615 1454 1722 1510 32);

142 1534 402 1588 saepissime
424 1533 606 1586 deniqu'e
629 1546 724 1573 eum
755 1533 794 1572 in
823 1533 1084 1573 orationibus
1112 1530 1255 1586 aliqua
1282 1532 1394 1573 bene
1417 1532 1638 1575 eminentis
1663 1533 1725 1575 uti

143 1608 333 1659 formula,
366 1607 518 1664 quales
540 1613 640 1651 sunt
660 1603 746 1651 σὺν
768 1609 861 1659 τοῖς
879 1611 1002 1659 θεοῖς
1022 1607 1135 1663 (Cyr.
1154 1607 1198 1658 2,
1228 1607 1262 1658 l,
1288 1607 1355 1654 15.
1387 1608 1430 1660 2,
1451 1608 1493 1657 4,
1518 1607 1584 1650 14.
1616 1608 1658 1657 4,
1683 1607 1722 1658 1,

146 1686 214 1728 11.
246 1686 288 1735 4,
311 1685 353 1735 6,
376 1684 414 1730 8,
446 1685 489 1734 5,
510 1683 553 1736 3,
580 1684 646 1726 19.
678 1683 721 1732 5,
743 1685 788 1736 4,
809 1684 880 1726 22.
903 1682 973 1736 al.)
995 1681 1055 1740 ἢν
1076 1680 1101 1726 ὁ
1121 1680 1229 1734 θεὸς
1247 1680 1357 1742 θέλῃ
1384 1683 1504 1739 (Cyr.
1524 1683 1567 1736 2,
1588 1683 1631 1736 4,
1655 1682 1723 1727 19.

141 1760 184 1811 5,
206 1762 249 1813 4,
270 1759 343 1804 21.
375 1759 416 1812 7,
443 1760 483 1812 1,
504 1760 576 1812 9),
612 1756 673 1816 ἦν
704 1755 728 1802 ὁ
759 1755 866 1809 θεὸς
896 1757 951 1803 ευ’
983 1758 1093 1819 διδῷ
1113 1759 1229 1814 (Cyr.
1250 1758 1293 1809 3,
1318 1759 1357 1812 1,
1377 1758 1450 1804 34.
1481 1759 1530 1803 cf.
1561 1758 1659 1814 Cyr.
1681 1760 1722 1808 4,

148 1836 186 1887 1,
207 1836 251 1878 2.
289 1835 332 1885 7,
362 1834 404 1885 5,
435 1834 529 1889 77).
590 1835 767 1878 Justitia
794 1834 893 1889 Cyri
923 1840 1080 1889 quanta
1107 1835 1185 1884 sit,
1223 1834 1320 1877 inde
1350 1835 1536 1890 conspici
1564 1839 1723 1889 potest,

143 1912 258 1966 quod
277 1911 509 1954 Persarum
529 1912 675 1965 pueris
706 1911 786 1951 hoc
817 1910 954 1952 solum
984 1911 1074 1953 sere
1100 1924 1203 1953 esse
1229 1911 1414 1953 studium
1435 1911 1582 1953 dicitur
1603 1909 1724 1966 (Cyr.

148 1987 185 2037 1,
217 1987 261 2039 2,
289 1986 318 2028 6
338 1989 466 2040 sqq.),
500 1991 545 2028 ut
566 1986 731 2028 discant
747 1986 979 2042 justitiam,
1012 1991 1056 2028 et
1076 1986 1189 2040 quod
1211 1985 1348 2041 Cyrus
1370 1999 1475 2041 puer
1502 1985 1722 2029 duodecim

145 2077 279 2105 annos
308 2067 435 2105 natus
457 2060 583 2117 (Cyr.
609 2060 710 2112 1,·3,
737 2062 786 2115 1)
815 2060 927 2103 illam
954 2060 1127 2118 penitus
1158 2062 1269 2117 quod
1298 2062 1433 2104 animo
1462 2067 1609 2105 teneat
1634 2061 1722 2117 glo·

145 2140 275 2180 riatur
306 2137 431 2192 (Cyr.
464 2137 502 2187 1,
524 2137 567 2187 3,
593 2137 685 2189 16).
746 2137 951 2193 Ejusdem
966 2139 1165 2193 justitiae
1187 2136 1290 2178 illud
1311 2151 1481 2192 quoque
1506 2142 1589 2187 est,
1612 2138 1726 2193 quod

146 2214 301 2270 Cyrum
338 2213 456 2269 (Cyr.
490 2212 528 2265 1,
551 2214 593 2266 4,
614 2212 698 2269 25)
729 2211 867 2268 legum
897 2219 941 2256 et
968 2215 1102 2269 patris
1123 2215 1183 2257 ita
1204 2228 1308 2257 esse
1329 2214 1598 2257 obedientem
1624 2212 1723 2271 legi-

145 2305 253 2341 mus,
279 2295 339 2340 ut,
370 2291 563 2344 quamvis
584 2291 624 2330 in
646 2290 790 2331 Medis
812 2304 972 2331 summo
993 2291 1152 2332 honore
1175 2286 1432 2342 afficeretur,
1453 2273 1721 2334 nihilominus

147 2372 286 2410 tamen
319 2380 345 2408 a
375 2371 496 2421 patre
527 2370 755 2408 revocatus
787 2366 826 2406 in
857 2365 1081 2407 Persidem
1112 2367 1257 2410 statim
1277 2366 1455 2418 rediret,
1485 2379 1540 2408 ne
1563 2367 1727 2409 veniret
1780 2350 1783 2353 Ι

148 2444 187 2484 in
226 2442 577 2496 vituperationem
615 2440 734 2495 (Cyr.
777 2439 816 2492 1,
853 2439 896 2493 5,
932 2440 994 2494 1).
1055 2441 1150 2483 Non
1188 2442 1324 2483 minus
1364 2453 1496 2495 quam
1527 2440 1724 2497 justitiae

146 2518 452 2574 temperantiae
473 2517 657 2560 studiosi
681 2521 801 2559 erant
820 2516 1048 2559 Persarum
1069 2518 1189 2571 pueri
1211 2522 1255 2559 et
1275 2514 1573 2574 σωφροσύνης
1600 2516 1724 2572 (Cyr.

150 2595 189 2646 1,
210 2595 253 2645 2,
276 2593 349 2648 8),
389 2593 515 2636 iidem
547 2593 837 2641 exercitationi
875 2594 914 2635 in
954 2594 1080 2636 armis
1111 2607 1315 2638 summam
1345 2593 1503 2637 dabant
1533 2607 1724 2649 operam3

147 2672 215 2714 his
244 2671 371 2727 igitur
398 2671 624 2714 virtutibus
653 2668 825 2714 excellit
854 2670 991 2726 Cyrus
1021 2684 1249 2726 earumque
1278 2685 1435 2724 rerum,
1473 2672 1626 2726 quibus
1655 2673 1726 2727 qui

150 2753 389 2804 occupatus
412 2752 487 2789 est·
508 2761 661 2803 corpus
682 2749 862 2790 maxime
885 2752 1079 2802 exercet,
1111 2747 1326 2803 equitandi
1354 2751 1398 2791 et
1423 2747 1624 2802 venandi,
1655 2748 1723 2804 ju-

150 2825 272 2867 venis
295 2830 365 2868 est
385 2824 703 2867 amantissimus
737 2824 859 2881 (Cyr.
884 2823 924 2878 1,
945 2824 987 2878 4,
1007 2822 1049 2871 5,
1088 2822 1131 2877 7,
1161 2823 1211 2867 11
1238 2827 1368 2880 sqq.);
1410 2823 1576 2867 accedit
1603 2824 1727 2866 animi
