1860 3064
930 167 965 249 4

163 312 206 363 7,
233 312 303 366 9),
342 326 438 355 eum
460 326 582 364 vero,
615 314 708 368 qui,
739 313 932 368 quamvis
952 312 1212 369 reipublicae
1232 314 1460 356 commodis
1480 314 1622 369 possit
1640 328 1733 370 pro-

159 390 343 444 spicere,
365 394 504 432 tamen
526 388 786 446 reipublicae
807 389 1165 434 administrandae
1185 395 1445 446 potestatem
1466 388 1562 432 aliis
1583 403 1731 433 conce-

159 466 234 508 dat
253 480 394 521 neque
414 467 515 521 ipse
531 466 586 509 ad
608 473 703 509 eam
723 466 882 509 audeat
901 465 1131 518 accedere,
1152 466 1278 510 valde
1300 469 1403 510 esse
1424 466 1732 523 reprehenden-

159 541 257 583 dum
279 542 429 595 (Mem.
450 540 492 592 3,
521 541 563 593 7,
591 542 651 596 2).
712 543 779 585 Ac
797 542 927 586 multo
950 544 1077 586 etiam
1096 544 1233 598 magis
1254 558 1349 586 eum
1370 558 1474 587 esse
1493 544 1732 599 vituperan-

158 619 269 671 dum,
291 618 363 672 qui
383 631 470 659 rem
491 617 703 672 publicam
723 620 816 660 sine
833 619 1020 661 doctrina
1041 624 1086 661 et
1105 632 1242 660 rerum
1261 608 1344 660 usu
1365 623 1570 678 capessat
1584 617 1733 672 (Metus.

157 693 201 746 4,
212 692 256 746 2,
269 692 312 736 2.
343 693 407 746 6),
428 695 681 749 praesertim
703 708 797 737 cum
819 700 864 738 et
884 693 1166 737 difficillimum
1187 696 1244 738 sit
1263 693 1564 751 rempublicam
1584 708 1733 749 gerere

158 773 205 810 et
225 769 283 821 ei,
315 770 387 823 qni
406 770 468 810 rei
488 769 684 824 publicae
707 769 808 813 velit
827 769 896 813 vel
916 776 1079 826 partem
1100 770 1312 826 quandam
1332 771 1568 826 suscipere,
1589 769 1732 812 multis
1790 760 1793 764 ⁵

158 859 268 900 opus
290 846 348 888 sit
366 846 604 892 virtutibus.
664 847 761 890 Jam
782 848 926 903 igitur,
958 862 1067 903 quas
1095 846 1193 890 illas
1219 861 1323 890 esse
1343 847 1522 890 virtutes
1543 847 1731 890 credide-

156 923 210 963 rit
224 922 444 972 Socrates,
464 922 535 964 vel
550 924 709 978 potius,
730 938 823 965 cum
839 925 1020 966 virtutes
1036 923 1149 974 illae,
1166 918 1259 965 dico
1275 924 1491 979 pietatem,
1507 924 1732 980 justitiam,

156 1000 491 1054 temperantiam,
523 997 821 1053 fortitudinem,
853 997 1174 1058 σωφροσύνην,
1208 1013 1318 1054 quae
1339 999 1463 1053 vulgo
1486 994 1733 1042 Socraticae

158 1073 330 1117 soleant
350 1075 576 1130 appellari,
614 1076 700 1118 sint
719 1076 990 1126 notissimae,
1028 1074 1131 1116 illud
1152 1075 1242 1132 jam
1271 1073 1550 1131 explicemus,
1590 1089 1731 1131 quam-

159 1152 304 1193 obrem
332 1156 557 1208 tantopere
585 1151 681 1195 illas
711 1153 1065 1195 commendaverit
1094 1152 1284 1195 virtutes.
1353 1152 1438 1193 vix
1458 1153 1567 1194 enim
1588 1166 1730 1207 quem-

159 1240 283 1282 quam
311 1232 459 1282 potest
486 1228 653 1283 sugere,
687 1230 874 1282 Socrati,
904 1229 1059 1284 quippe
1082 1228 1153 1284 qui
1173 1229 1326 1270 bonum
1347 1227 1457 1270 idem
1480 1242 1583 1271 esse
1604 1233 1732 1283 atque

157 1303 261 1347 utile
284 1305 534 1354 constituat,
565 1305 748 1348 virtutes
776 1318 946 1361 quoque
966 1308 1192 1360 propterea
1220 1309 1380 1346 tantum
1401 1305 1588 1359 probari,
1621 1305 1747 1360 quod‘

157 1395 236 1422 eas
264 1380 319 1421 ad
346 1394 417 1422 res
447 1382 557 1423 bene
585 1381 775 1436 agendas
802 1380 975 1423 multum
1003 1380 1214 1436 prodesse
1241 1379 1425 1432 videret,
1458 1394 1541 1435 qua
1567 1395 1613 1423 re
1643 1380 1731 1422 dili-

156 1462 306 1511 genter
333 1456 491 1499 addere
519 1456 653 1507 solet,
686 1472 810 1512 quam
838 1471 1034 1512 quaeque
1056 1457 1188 1499 virtus
1209 1456 1292 1511 ipsi
1317 1456 1508 1500 videatur
1527 1458 1733 1512 praebere

155 1533 395 1584 utilitatem,
428 1535 586 1589 quippe
607 1534 674 1574 cui
696 1539 821 1575 esset
840 1547 1106 1589 persuasum,
1137 1533 1328 1574 homines
1349 1532 1392 1574 id
1412 1538 1571 1576 tantum
1591 1533 1733 1575 facere

156 1608 321 1660 solere,
361 1610 475 1664 quod
505 1611 666 1653 ratione
698 1609 844 1652 habita
875 1611 1073 1661 omnium,
1117 1624 1171 1653 ex
1203 1610 1356 1664 quibus
1388 1603 1558 1664 eligere
1576 1609 1733 1664 aliquid

154 1685 297 1736 liceat,
328 1686 410 1726 sibi
430 1685 698 1728 utilissimum
720 1686 991 1740 cognoverint
1010 1686 1167 1740 (Mem.,
1179 1684 1221 1740 3,
1242 1684 1285 1739 9,
1306 1684 1367 1739 4).

273 1763 459 1805 Primum
495 1762 631 1804 locum
667 1764 777 1805 inter
810 1763 991 1805 virtutes
1018 1761 1115 1804 illas
1149 1767 1266 1805 tenet
1298 1763 1441 1817 pietas
1477 1775 1577 1816 erga
1611 1761 1732 1811 deos,

158 1853 284 1895 quam
312 1853 384 1881 cur
412 1845 499 1881 tam
525 1840 815 1882 necessariam
836 1852 941 1881 esse
962 1838 1206 1888 crediderit,
1238 1837 1363 1881 facile
1392 1838 1473 1881 erit
1501 1836 1732 1889 intellectu,

157 1918 195 1958 si
216 1917 463 1972 respexeris
485 1917 540 1959 ad
562 1931 628 1967 ea,
661 1931 772 1971 quae
794 1917 955 1958 omnino
978 1915 1032 1957 de
1052 1917 1181 1957 rebus
1203 1916 1352 1957 divinis
1373 1917 1559 1958 senserit
1580 1916 1730 1956 Socra-

156 1998 239 2035 tes.
301 1992 456 2044 Docet,
485 1992 592 2035 deos
623 2006 726 2036 esse
754 1997 954 2035 aeternos
984 1996 1028 2035 et
1057 1992 1275 2035 creavisse
1303 1997 1348 2035 et
1367 2005 1517 2047 regere
1537 1991 1733 2034 mundum

158 2075 203 2112 et
222 2069 367 2111 videre
396 2075 441 2111 et
465 2070 615 2113 audire
643 2070 779 2111 omnia
809 2074 854 2112 et
879 2069 1117 2123 ubicunque
1138 2069 1299 2110 adesse
1321 2073 1365 2110 et
1385 2069 1563 2110 omnium
1583 2081 1732 2121 gerere

158 2160 321 2194 curam,
353 2146 493 2201 iisque
521 2147 658 2188 omnia
679 2160 782 2189 esse
804 2146 1001 2203 subjecta
1022 2145 1170 2198 (Mem.
1198 2144 1235 2196 1,
1261 2144 1299 2195 1,
1325 2144 1391 2190 19.
1431 2144 1469 2194 1,
1491 2144 1532 2193 4,
1558 2142 1624 2186 13.
1665 2142 1732 2185 18.

157 2224 198 2273 4,
220 2220 263 2273 3,
289 2220 383 2276 13);
423 2223 559 2265 omnia
586 2223 729 2277 igitur,
761 2236 871 2278 quae
901 2224 985 2266 sint
1011 2222 1233 2272 hominum,
1262 2236 1288 2263 a
1316 2221 1396 2262 diis
1426 2234 1530 2263 esse
1559 2220 1611 2261 iis
1634 2219 1734 2262 data

158 2305 203 2341 et
222 2300 333 2341 bona
355 2304 402 2343 et
420 2298 532 2341 mala
561 2298 710 2352 (Conv.
736 2300 778 2353 4,
799 2298 896 2353 47);
930 2300 1036 2342 deos
1057 2312 1157 2341 vero
1178 2297 1275 2340 illos
1297 2298 1433 2339 omnia
1461 2287 1732 2352 providentes

156 2376 412 2426 hominibus,
460 2377 615 2432 quibus
653 2376 738 2418 sint
769 2376 955 2431 propitii,
999 2374 1180 2418 libenter
1215 2374 1471 2429 significare,
1509 2386 1619 2428 quae
1648 2365 1734 2414 sint

154 2453 315 2501 sutura,
347 2459 393 2496 et
413 2454 588 2495 somniis
610 2458 655 2495 et
675 2450 856 2493 oraculis
878 2456 923 2493 et
943 2452 1128 2505 auguriis
1151 2455 1196 2493 et
1217 2450 1453 2501 sacrificiis,
1484 2449 1596 2490 unde
1617 2446 1732 2489 colli‹‘

155 2546 257 2589 gere
278 2533 420 2587 liceat,
442 2544 553 2585 quae
575 2529 661 2570 sint
681 2527 929 2583 incipienda,
952 2541 1062 2582 quae
1083 2542 1163 2569 non
1186 2527 1327 2581 (Mem.
1350 2526 1391 2576 4,
1413 2524 1456 2576 3,
1481 2524 1567 2579 12).
1604 2523 1730 2579 Quod

156 2617 298 2654 autem
325 2611 380 2651 dii
407 2609 600 2652 homines
629 2621 710 2647 non
739 2618 884 2646 omnes
914 2618 1023 2659 quae
1052 2606 1136 2647 sint
1163 2605 1302 2647 futura
1328 2602 1532 2658 prodigiis
1553 2600 1637 2642 illis
1658 2601 1730 2641 do-

159 2692 294 2737 ceant,
325 2701 406 2728 non
429 2695 532 2728 esse
553 2684 719 2733 mirum,
752 2683 909 2738 quippe
938 2682 1008 2737 qui
1036 2671 1151 2723 nulla
1179 2684 1382 2735 cogantur
1402 2678 1665 2721 necessitate
1684 2682 1733 2719 ut

156 2762 238 2803 hoc
274 2763 448 2813 faciant3
491 2774 585 2803 cum
621 2757 723 2802 'vero
763 2773 818 2801 ex
846 2750 1049 2815 prodigiis
1085 2770 1279 2812 magnum
1313 2756 1483 2811 possint
1512 2754 1732 2810 percipere

156 2838 334 2883 fructum
353 2838 567 2893 homines,
598 2837 784 2893 inprimis
806 2837 859 2878 iis
888 2849 991 2879 esse
1013 2834 1257 2884 curandum,
1288 2837 1336 2876 ut
1356 2833 1411 2875 dii
1433 2832 1513 2874 sibi
1535 2831 1618 2873 sint
1638 2843 1729 2885 pro-
