1860 3064
897 128 962 179 21

150 280 188 331 1,
207 278 278 324 81.
308 277 353 330 5,
378 277 417 327 1,
444 274 539 330 30),
571 280 616 319 et
640 275 875 318 venationis
897 275 1172 332 amantissimi
1194 280 1293 318 sunt
1321 275 1436 330 (Cyr.
1459 274 1500 324 8,
1528 274 1567 328 1,
1593 274 1666 317 34.
1688 291 1718 317 r.

143 357 198 400 L.
217 348 259 406 4,
281 354 350 408 7),
381 353 548 407 utrique
582 365 664 398 non
691 351 887 393 vestibus
912 353 1111 406 pretiosis
1142 356 1358 402 ornantur,
1388 351 1470 394 sed
1497 365 1571 400 eo,
1604 351 1717 405 quod

144 444 319 487 corpora
340 432 441 471 sunt
458 425 602 470 valida
622 426 742 483 (Cyr.
769 426 806 477 1,
827 425 870 477 3,
891 426 935 469 2.
965 442 997 473 r.
1025 428 1077 470 L.
1099 427 1139 478 7,
1161 426 1229 481 3);
1262 429 1332 483 qui
1355 433 1399 471 et
1418 441 1525 483 puer
1546 431 1591 470 et
1612 426 1713 469 ado-

142 506 316 549 lescens
364 509 409 546 et
456 503 519 544 vir
567 504 722 558 egerit,
782 516 1060 559 quaecunque
1101 505 1235 545 civem
1275 505 1448 559 probum
1489 508 1534 545 et
1574 503 1718 558 legum

141 584 439 626 observantem
475 579 643 622 *deceat
681 592 831 635 agere,
882 580 923 621 in
964 580 1278 624 homotimorum
1324 577 1392 621 vel
1431 580 1715 630 homoeomm‚

140 649 630 713 quemadmodum‘apud
657 654 1027 698 Lacedaemonios
1057 656 1251 706 audiunt,
1289 655 1467 697 refertur
1502 668 1715 715 numerum

141 733 253 788 (Cyr.
285 730 324 782 1,
352 730 395 782 5,
423 729 465 777 5.
500 730 545 782 3,
566 729 609 782 3,
631 730 702 781 41.
733 746 764 776 ι·.
792 731 844 773 L.
880 729 947 781 10,
968 732 1008 777 4.
1043 730 1110 782 14,
1136 731 1173 773 1.
1194 729 1257 785 7),
1287 732 1553 786 maximoque
1578 745 1713 773 senex

139 809 297 852 honore
318 807 495 851 afficitur
521 809 572 862 (r.
593 806 647 851 L.
676 807 718 858 4,
743 805 811 850 10.
843 807 938 864 Cyr.
960 806 1002 859 8,
1023 806 1066 859 7,
1092 806 1183 862 10);
1209 809 1248 850 si
1270 808 1366 863 quis
1387 820 1488 850 vero
1511 805 1634 851 aliter
1661 821 1712 850 se

139 886 339 941 gesserit,
360 884 524 927 infamis
546 889 615 927 est
636 889 680 926 et
695 884 995 938 ignominiosus
1017 884 1133 940 (Cyr.
1159 874 1261 934 122,
1286 884 1353 925 14.
1375 899 1407 925 r.
1423 884 1476 925 L.
1498 883 1711 934 asi—1⁰,

137 961 194 1015 4).
238 959 409 1015 ,Neque
447 961 591 1002 mirum
626 973 730 1002 esse
763 964 929 1015 potest,
975 960 1088 1016 quod
1125 945 1254 1003 multa
1290 974 1459 1016 quoque
1486 960 1708 1003 Lacedae-

137 1037 365 1079 moniorum
392 1037 585 1079 instituta
612 1036 667 1078 ad
696 1036 926 1080 exercitum
954 1038 1206 1093 pertinentia
1233 1036 1288 1079 ad
1314 1036 1478 1079 Persas
1498 1035 1712 1081 transtulit

136 1112 398 1169 Xenophon,
436 1113 592 1169 quippe
620 1113 690 1168 qui
716 1126 853 1155 rerum
880 1111 1123 1156 bellicarum
1151 1118 1320 1156 ceteros
1359 1112 1553 1156 Graecos
1580 1113 1710 1156 rudes

136 1191 350 1246 putaverit
370 1203 494 1239 esse,
524 1188 734 1232 excellere
752 1203 850 1231 vero
875 1190 1244 1234 Lacedaemonios
1265 1191 1304 1231 in
1327 1188 1410 1231 illis
1431 1188 1552 1231 solos
1575 1193 1634 1240 (v.
1655 1191 1708 1232 L.

140 1265 207 1317 14,
228 1264 293 1321 5),
314 1266 459 1321 itaque
475 1266 546 1321 qui
567 1270 666 1308 sunt
684 1265 1112 1309 Lacedaemoniorum
1133 1268 1248 1323 regis
1269 1267 1464 1315 comites,
1487 1265 1705 1309 damosiae

136 1340 313 1385 sodales
343 1342 393 1398 (r.
419 1342 472 1384 L.
502 1340 571 1391 14,
602 1341 643 1396 1)
672 1341 783 1398 Cyro
821 1356 990 1397 quoque
1023 1344 1255 1385 tribuuntur
1283 1342 1394 1397 (Cyr.
1423 1340 1468 1395 3,
1493 1341 1534 1392 3,
1556 1340 1629 1384 34.
1660 1342 1702 1392 7,

139 1417 177 1468 1,
197 1417 253 1471 1),
275 1423 319 1461 et
332 1417 680 1473 quemadmodum
696 1415 1184 1473 apudLaeedaemonios
1201 1432 1304 1461 esse
1319 1422 1539 1460 narrantur
1555 1418 1703 1473 ephori

136 1494 218 1536 duo
234 1492 483 1550 disciplinae
499 1495 707 1537 castrensi
716 1495 1026 1552 prospieientes
1037 1496 1086 1549 (r.
1101 1495 1153 1538 L.
1169 1494 1233 1546 14,
1255 1494 1302 1549 5)
1311 1496 1370 1538 ita
1377 1492 1555 1539 Persico
1573 1495 1703 1537 etiam

136 1567 338 1614 exercitui
365 1571 509 1614 tribuit
537 1567 733 1629 ὀπτῆρας
759 1571 882 1613 domo
903 1573 1062 1614 missos
1083 1572 1200 1627 (Cyr.
1227 1573 1268 1621 4,
1289 1571 1331 1627 5,
1356 1573 1449 1629 17);
1481 1576 1702 1619 Lacedae-

134 1644 360 1689 moniorum
394 1651 619 1703 praeterea
656 1648 774 1689 acies
809 1648 942 1690 duces
985 1649 1024 1690 in
1061 1648 1196 1690 fronte
1232 1649 1365 1693 habet
1390 1653 1457 1693 sui
1494 1666 1704 1708 quemque

135 1715 292 1765 ordinis
326 1723 501 1777 primum
537 1726 588 1773 (r.
623 1723 673 1766 L.
713 1722 780 1772 11,
809 1722 876 1775 6),
915 1728 1044 1777 atque
1086 1724 1262 1765 eandem
1303 1726 1481 1768 frontem
1523 1728 1702 1770 ducibus

132 1794 460 1857 πρωτοστάταις
496 1803 682 1841 ornatam
714 1800 893 1855 praebet
923 1799 1152 1842 Persarum
1188 1802 1399 1850 exercitus
1428 1802 1543 1860 (Cyr.
1573 1802 1616 1855 3,
1653 1803 1696 1856 3,

131 1874 229 1928 5⁹7)-3
280 1876 492 1930 etiamque
526 1875 961 1922 Lacedaemoniorum
990 1876 1169 1931 phiditia
1200 1878 1255 1919 ad
1301 1878 1465 1920 Persas
1500 1881 1703 1924 transfert

131 1951 370 2008 Xenophon
409 1953 458 2005 (r.
486 1949 540 1994 L.
567 1950 610 2002 5,
639 1950 682 1995 2.
720 1950 816 2008 Cyr.
837 1951 878 2003 2,
904 1951 943 2003 1,
964 1950 1057 2007 25),
1091 1951 1219 1996 latius
1240 1954 1296 1997 ibi
1319 1954 1536 2012 explicans
1558 1971 1702 2000 eorum

132 2026 188 2071 ad
201 2027 471 2083 disciplinam
490 2026 709 2071 militarem
732 2029 832 2079 vim;
865 2029 978 2083 quod
999 2031 1276 2073 instrumenta
1295 2034 1475 2075 maxime
1496 2047 1698 2076 necessa·

129 2105 191 2147 ria
224 2104 655 2147 Lacedaemoniorum
689 2102 845 2146 milites
872 2118 1018 2147 secum
1047 2106 1320 2159 perhibentur
1346 2113 1536 2162 portare,
1560 2099 1562 2101 V
1588 2110 1699 2151 idem

130 2180 268 2237 Cyrus
290 2164 438 2223 dicitur
464 2180 557 2221 suis
578 2179 834 2235 imposuisse
862 2182 912 2231 (ι·.
938 2180 988 2224 L.
1014 2179 1083 2230 11,
1103 2180 1146 2224 2.
1179 2178 1276 2237 Cyr.
1297 2181 1339 2233 6,
1359 2183 1403 2236 2,
1431 2183 1527 2240 34),
1558 2184 1695 2228 Lace-

129 2253 336 2299 daemonii
347 2254 551 2311 proelium
563 2256 707 2298 ineunt
720 2257 907 2299 coronati
922 2259 971 2309 (r.
994 2257 1045 2298 L.
1065 2256 1132 2307 11,
1148 2259 1193 2308 4)
1214 2272 1352 2313 neque
1373 2262 1508 2302 minus
1529 2260 1696 2304 Persae

128 2332 245 2388 (Cyr.
270 2330 314 2382 3,
347 2329 390 2384 3,
413 2325 496 2373 40.
526 2330 620 2386 42);
671 2327 998 2375 Lacedaemonii
1033 2334 1184 2376 tunicis
1218 2335 1408 2389 puniceis
1437 2335 1569 2379 induti
1600 2343 1700 2381 sunt

127 2410 179 2462 (r.
207 2408 261 2450 L.
293 2405 432 2458 ll,>3.
472 2408 542 2461 4),
588 2408 737 2451 iisdem
764 2407 928 2451 Persas
962 2409 1131 2451 indutos
1167 2423 1269 2452 esse
1297 2410 1476 2465 legimus
1507 2412 1624 2468 (Cyr.
1654 2414 1696 2455 6.

126 2475 171 2539 4,
193 2481 323 2538 1);ἐῒ
344 2483 544 2540 Spartani
566 2485 615 2539 (r.
642 2483 695 2527 L.
720 2483 788 2534 12,
804 2482 852 2539 5)
874 2489 919 2528 et
932 2484 1097 2528 Persae
1115 2486 1485 2531 exercitationibus
1508 2490 1694 2546 corporis

127 2565 226 2602 ante
246 2560 462 2614 prandium
483 2566 613 2616 atque
642 2566 742 2604 ante
764 2575 937 2604 coenam
956 2567 1125 2610 utuntur
1144 2562 1259 2616 (cyr.
1279 2553 1323 2613 2,
1347 2563 1387 2612 1,
1407 2564 1497 2618 29).
1556 2566 1692 2608 Lace-

126 2625 436 2690 daemoniorum
470 2636 675 2680 exercitui
710 2638 878 2693 equites
902 2636 1209 2694 ‘speculatores
1245 2629 1501 2684 antecedunt
1545 2644 1595 2694 (r.
1640 2642 1691 2683 L.

127 2709 202 2765 14,
218 2710 287 2765 6);
330 2711 467 2766 Cyrus
489 2713 694 2768 quosdam
715 2713 823 2757 levis
845 2720 1079 2757 armaturae
1100 2715 1254 2758 milites
1285 2719 1553 2771 praemittere
1580 2717 1695 2760 solet

128 2778 351 2843 (ew-⁶6³3,
362 2779 436 2831 '12
450 2786 494 2842 6,
510 2788 554 2842 4,
575 2788 639 2832 12.
654 2780 698 2844 2,
708 2790 749 2845 4,
762 2788 851 2845 23).
873 2791 1074 2847 Nequein
1090 2792 1158 2834 his
1168 2792 1304 2835 solum
1314 2793 1528 2837 sedetiam
1544 2794 1582 2835 in
1600 2793 1695 2837 aliis
